1698 3084
572 103 966 156 „91-

30 241 170 297 unde
221 244 377 299 etiam
431 246 546 299 fieri
598 244 863 308 videnum,
912 250 998 309 ut,
1037 243 1079 298 si
1115 261 1270 316 quem
1308 241 1509 298 fallacia

28 357 184 391 usum
235 357 352 392 esse
403 339 624 405 dixeris,
681 339 751 392 de
785 338 1003 392 honesta
1041 336 1271 401 fallacia,
1325 336 1420 389 nisi
1452 335 1510 390 id

34 430 240 485 disertis
296 433 464 487 verbis
506 433 793 506 adjeceris,
861 432 945 484 vix
982 432 1182 502 cogitet
1221 432 1508 505 quisquam.

31 526 298 580 Innuimus
349 536 523 580 aute-m
565 527 617 578 in
655 534 810 580 antea
847 524 1026 591 dictis,
1071 526 1209 580 hanc
1245 528 1508 598 quaestio-

31 638 153 672 nem
189 622 254 673 ab
291 621 378 686 iis,
419 621 506 692 qui
543 619 810 672 nonnullas
847 618 1074 672 fallacias
1108 620 1357 676 honestas
1391 639 1511 675 esse

30 714 350 786 inteliigant,
388 716 460 769 ita
497 714 610 767 fere
647 714 773 768 solvi
809 712 1006 778 solere,
1041 721 1101 767 ut
1136 733 1200 768 ex
1225 714 1349 788 jure
1383 713 1507 768 alio·-

28 824 176 873 rum,
229 810 539 880 quibuscum
586 809 737 862 nobis
805 826 892 861 res
944 807 1038 872 sit,
1099 815 1313 878 petatur
1356 808 1508 874 ratim

31 918 128 953 cur
165 900 415 973 pleraque
461 902 635 956 illicita
682 903 784 956 sint
830 898 1103 956 simulandi
1151 910 1309 973 atque
1361 899 1509 954 dissi-

29 994 259 1048 mulandi
296 995 544 1067 exempla.
616 996 809 1067 Neque
844 1014 968 1049 vero
1008 1014 1072 1047 ea
1120 1003 1199 1048 est
1232 993 1510 1047 doctorum

27 1095 231 1143 tantum
266 1088 596 1161 quorundam
631 1088 913 1153 sententia,
973 1088 1077 1140 imo
1139 1089 1205 1141 ab
1261 1087 1509 1155 antiquis-

28 1181 171 1236 simis
207 1182 331 1235 inde
366 1183 687 1255 temporibus
735 1183 960 1254 vestigia
1007 1188 1316 1245 occurrunt,
1368 1178 1511 1232 unde

29 1277 164 1330 haec
198 1285 401 1332 tantum
425 1297 530 1330 nou
566 1278 928 1332 universorum
952 1276 1264 1349 populorum
1289 1292 1510 1346 persua-

30 1370 107 1422 sio
158 1370 321 1424 fuisse
371 1371 705 1442 inteiligatur.
777 1366 988 1424 Etenim
1032 1377 1093 1422 ut
1142 1368 1199 1422 id
1248 1367 1510 1421 conceda-

29 1483 147 1517 mus
194 1465 495 1519 necessario
560 1464 930 1537 perducimur,
1000 1463 1246 1534 quoniam
1296 1461 1510 1516 iusidias

31 1557 235 1630 aliaque
294 1567 673 1630 strategemata
720 1556 932 1612 fraudes
987 1556 1213 1628 denique
1272 1556 1510 1627 omnige-

29 1669 154 1716 nas,
210 1651 253 1705 si
304 1651 554 1707 adversus
611 1654 819 1708 hostem
881 1651 1190 1724 praesertim
1244 1649 1511 1720 publicum

28 1744 393 1813 adhibeantur,
431 1747 832 1802 clarissimarum
867 1744 1103 1816 gentium
1129 1741 1331 1815 judicio
1363 1762 1507 1798 eom-

29 1841 244 1914 probari
290 1840 556 1906 videmUS,
618 1840 806 1895 eadem
855 1841 907 1894 in
957 1837 1273 1893 commercio
1324 1837 1512 1893 civium

30 1945 121 1991 aut
156 1955 365 2003 eorum,
408 1937 496 2008 qui
531 1937 726 2008 apertis
760 1954 866 1989 non
898 1933 1184 1987 dissideant
1216 1930 1508 1998 inimicitiis,

29 2032 262 2103 graviter
307 2031 619 2103 improbari:
669 2031 1012 2103 quamobrem
1047 2025 1259 2098 generis
1295 2024 1509 2078 humani

29 2126 201 2198 potius
239 2145 396 2197 quam
427 2126 507 2180 vel
541 2124 812 2180 Choroebi
844 2122 925 2178 vel
962 2140 1110 2177 suam
1149 2121 1303 2174 Maro
1343 2139 1508 2189 enum

30 2220 191 2274 tiasse
226 2218 431 2274 videtur
481 2221 822 2286 sententiam,
886 2217 976 2270 ubi
1028 2235 1147 2270 eum
1183 2213 1384 2268 inducit
1419 2232 1507 2268 ex-

34 2315 349 2368 clamantem
403 2314 588 2369 “dolus
626 2334 693 2369 an
729 2313 919 2377 virtus,
977 2310 1090 2382 quis
1126 2309 1180 2362 in
1232 2308 1387 2361 hoste
1421 2326 1506 2360 re⁴

31 2409 269 2481 quiraff'?
319 2438 389 2447 ·-—
432 2410 569 2463 iliam
616 2409 886 2471 nimirum,
942 2403 1010 2457 ad
1058 2402 1184 2456 alios
1219 2401 1507 2475 praecipue

33 2523 321 2575 eorumque
359 2504 483 2576 jura
535 2522 652 2557 esse
687 2503 740 2555 in
778 2499 989 2554 fallaciis
1027 2495 1370 2571 dijudicandis
1421 2514 1506 2549 re-

32 2594 373 2670 spiciendum,
410 2599 498 2650 ubi
529 2618 591 2650 ea
627 2617 731 2650 non
768 2594 1037 2659 violentur,
1066 2589 1506 2664 quemadmodum

31 2692 85 2743 in
134 2692 286 2746 hoste
324 2689 808 2756 circumveniendQ
869 2688 940 2741 ibi
993 2686 1061 2739 de
1110 2684 1320 2740 fallaciis
1355 2684 1503 2739 licitis

36 2794 194 2856 atque
243 2786 474 2840 honestis
525 2784 667 2838 haud
712 2787 888 2856 inepte
938 2780 1116 2835 inferri
1171 2781 1503 2834 mentionem.

37 2879 146 2932 Sed
179 2879 232 2932 in
269 2881 373 2934 hoc
408 2880 735 2935 indoctorum
760 2878 1043 2953 praecipue
1073 2893 1331 2930 consensu
1365 2874 1506 2927 circa
