1719 3084
678 86 1071 139 -36.,.

137 239 330 301 taeque
389 228 470 283 his
519 228 719 281 vicinae
777 224 1064 279 definiendi
1123 227 1351 281 rationes
1408 235 1628 282 eatenus

141 326 327 380 eodem
360 322 612 388 redeunt,
652 332 908 395 quatenus
947 322 1479 392 tanquameendacii
1503 331 1630 376 nota

140 421 192 474 in
240 420 302 472 iis
353 416 619 470 inducitur
668 415 942 489 turpitudo
996 416 1105 470 sive
1157 417 1280 470 hinc
1338 417 1444 471 sive
1492 417 1631 470 illinc

141 513 558 568 01·iunda.—-Ea
595 521 676 565 est
710 512 874 582 igitur
908 512 1121 584 proprie
1160 513 1396 583 quaestio
1431 522 1630 577 nostra,

140 621 318 665 utrum
369 606 643 680 turpitudo
682 607 747 659 sit
782 606 1043 659 mendacii
1093 616 1247 673 nota,
1294 626 1362 660 an
1397 607 1509 661 sine
1548 607 1634 660 illa

143 707 281 759 haec
328 704 471 757 notio
523 700 837 753 absolvatur.
915 702 1207 772 Speramus
1247 711 1448 767 autem,
1500 701 1634 767 fore,

142 810 202 854 ut
236 799 582 869 intelligatur,
622 814 727 848 non
762 793 818 848 id
857 815 889 849 a
924 796 1075 850 nobis
1108 797 1162 849 in
1198 796 1637 869 disceptationem

142 895 348 960 vocari,
401 902 580 948 utrum
617 901 774 963 turpe
813 891 880 945 sit
914 891 1248 946 mendacium
1278 911 1474 958 necne,
1530 910 1638 964 qua

145 988 215 1042 de
263 1007 322 1041 re
375 997 488 1043 tum
543 985 755 1040 demum
809 987 992 1055 quaeri
1041 987 1265 1060 poterit„
1313 987 1403 1040 ubi
1449 995 1637 1040 exacta

147 1085 258 1157 ejus
296 1083 527 1137 definitio
562 1083 772 1136 inventa
806 1081 988 1146 suerit,
1027 1082 1079 1134 in
1115 1099 1221 1151 qua
1264 1081 1499 1135 eruenda
1543 1100 1635 1134 oc-

150 1196 436 1251 cupamur:
491 1177 754 1231 neminem
803 1177 997 1231 etenim
1037 1175 1337 1247 diligentius
1374 1174 1531 1248 paulo
1581 1175 1637 1228 in

148 1274 288 1327 hanc
322 1292 435 1327 rem
470 1272 830 1344 inspicientem
871 1271 1083 1336 latebit,
1123 1269 1263 1324 aliud
1309 1290 1402 1325 eos
1440 1269 1638 1335 dicere,

150 1369 241 1440 qui
278 1367 536 1432 doceant,
583 1375 792 1439 turpem
833 1385 951 1420 esse
986 1365 1067 1419 vel
1102 1366 1377 1419 honestam
1413 1364 1638 1436 aliquam

151 1461 349 1535 agendi
386 1463 672 1526 rationem,
728 1460 899 1527 aliud,
949 1461 996 1514 si
1038 1460 1154 1532 quis
1190 1459 1260 1514 ad
1307 1460 1420 1533 ejus
1469 1460 1639 1515 notio-

151 1575 273 1611 nem
336 1555 758 1611 constituendam
818 1565 1070 1628 tanquam
1129 1555 1487 1610 necessarium
1533 1554 1640 1610 ele-

154 1661 390 1707 mentum
468 1652 666 1725 requiri
736 1650 1025 1706 contendat
1108 1650 1488 1723 turpitudinem
1556 1650 1637 1704 vel

152 1746 498 1801 honestatem.
602 1746 923 1820 Injustitiae,
979 1755 1038 1802 ut
1104 1746 1343 1818 exemplo
1410 1756 1638 1813 utamur,

152 1849 280 1894 nota
318 1850 398 1894 est
433 1840 737 1915 turpitud0‚
773 1841 823 1894 h.
845 1861 890 1895 e.
926 1860 1031 1895 non
1067 1849 1277 1896 tenetur
1313 1861 1344 1896 a
1375 1861 1641 1914 quoquam

155 1937 312 2010 plena
366 1935 478 2010 ejus
533 1945 694 2009 atque
742 1938 954 2008 integra
991 1937 1166 2003 noti0‚
1215 1937 1310 1991 nisi
1358 1937 1446 2009 qui
1483 1937 1641 1992 talem

157 2031 329 2087 animo
371 2031 668 2104 concipiat,
715 2033 767 2085 in
816 2052 920 2104 qua
966 2032 1238 2105 turpitudo
1293 2032 1467 2086 locum
1505 2033 1639 2087 obti—

156 2137 294 2183 neat.
368 2128 512 2182 Hinc
548 2127 639 2193 fit,
689 2136 774 2193 ut,
824 2128 896 2193 si,
933 2136 1135 2183 mutata
1170 2127 1294 2200 lege
1339 2127 1419 2181 vel
1458 2138 1641 2183 nostra

156 2223 333 2298 potius
390 2222 460 2277 de
515 2222 639 2294 lege
689 2223 979 2289 sententia,
1039 2239 1179 2295 quae
1243 2232 1399 2279 antea
1449 2223 1641 2298 injusta

220 2462 298 2504 der
344 2465 476 2517 praet.
520 2459 794 2515 Philosophie
837 2463 933 2503 2ter
958 2461 1039 2504 Th.
1084 2476 1182 2518 pag.
1201 2465 1314 2504 301:
1362 2461 1482 2504 “Die
1513 2461 1640 2514 Liige

223 2537 280 2577 ist
310 2536 404 2578 eine
435 2533 758 2591 pflichtwidrige
789 2533 946 2577 falsche
981 2536 1176 2589 Aussage
1221 2535 1526 2590 (falsiloquium
1556 2536 1641 2576 illi-

220 2608 429 2663 citum).’'
478 2633 535 2640 —
607 2608 835 2652 Buddei
897 2610 1083 2652 Institut.
1140 2609 1405 2664 Theologiae
1459 2609 1641 2651 Moralis

217 2682 335 2726 Part.
357 2682 411 2724 ΙΙ.
456 2698 494 2725 c.
516 2686 558 2725 3.
609 2688 712 2725 sect.
741 2687 782 2725 5.
830 2687 944 2736 §3:3.
1063 2698 1102 2726 v.
1135 2685 1355 2725 Ammon
1398 2681 1637 2725 Handbuch

224 2756 301 2798 der
331 2755 597 2798 christlichen
645 2757 903 2800 Sittenlehre
951 2757 1124 2813 (Leipz.
1170 2756 1324 2810 1829.)
1356 2756 1383 2808 ἓ
1409 2759 1520 2808 160,
1566 2755 1638 2797 ubi

225 2830 490 2874 mendacium
508 2831 636 2872 docet
666 2844 762 2872 esse
791 2831 917 2873 “eine
942 2831 1224 2877 vorsfitzliche
1247 2844 1287 2872 u.
1319 2827 1644 2886 pflichtwidrige

223 2905 528 2960 Vei-liiugnung
565 2905 640 2946 der
670 2901 927 2949 wahrheit.'’
