1698 3084
144 250 244 305 pra
291 240 372 285 est
417 236 767 283 monstratum
802 229 872 299 x)
941 229 1009 283 de
1068 232 1384 300 rationibus,
1441 235 1632 305 quibus

97 317 104 321 .
143 332 548 400 permoveantur
584 324 851 389 homines,
891 334 948 380 ut
989 325 1181 379 fallant.
1255 329 1432 400 Aegre
1457 339 1634 384 autem

142 422 205 474 iis
260 417 686 490 persuadelmnt⁷
753 430 911 492 puto,
971 421 1060 491 qui
1115 421 1304 473 nullam
1363 423 1513 475 aliam
1564 425 1634 477 ob

145 533 362 568 causam
398 511 721 567 indefinitam
748 535 867 568 esse
902 515 1082 569 volunt
1112 515 1320 568 fallendi
1351 518 1634 583 notionem,

143 627 302 679 quam
341 626 475 678 que,
523 608 614 660 ubi
652 609 863 680 quaudo
903 610 1123 662 aliorum
1165 610 1245 662 vel
1279 610 1359 662 rei
1395 610 1633 665 familiari

141 703 224 755 vel
259 700 543 755 valetudini
578 703 660 756 vel
695 705 834 758 vitae
871 713 1030 775 atque
1080 703 1234 758 saluti
1279 704 1427 759 aliter
1461 707 1633 778 provi-

142 798 275 851 dere
324 805 618 868 nequeant,
678 798 749 850 ibi
795 797 1116 851 fallaciarum
1163 817 1267 870 ope
1321 799 1449 853 istos
1503 801 1634 854 fines

140 890 392 965 persequi
427 889 597 946 liceat.
669 892 789 946 Hos
828 893 964 946 enim
1000 895 1132 947 fines
1168 892 1321 947 sicuti
1355 913 1509 946 nemo
1545 901 1637 948 aut

143 987 213 1040 ad
249 995 435 1058 turpes
487 984 802 1058 cupiditates
851 986 1117 1042 satiandas
1165 988 1433 1060 pertinere
1479 1000 1633 1061 puta-

140 1082 300 1148 verit,
368 1090 460 1136 aut
506 1079 662 1132 animi
708 1079 898 1133 infirmi
935 1091 1094 1154 atque
1142 1082 1333 1155 abjecti
1388 1102 1506 1136 esse
1555 1084 1633 1136 in-

140 1177 304 1243 diceS‚
335 1175 409 1229 ita
445 1174 601 1227 nihilo
637 1174 808 1245 magis
846 1175 952 1228 huo
986 1175 1183 1229 referet
1217 1176 1295 1229 vel
1330 1178 1543 1231 nimium
1578 1178 1632 1232 in

136 1272 199 1325 iis
236 1269 616 1342 persequendis
654 1270 931 1323 servorem.
1002 1268 1298 1323 Fallentem
1335 1282 1511 1327 autem
1546 1292 1632 1326 re-

135 1368 236 1420 bus
298 1361 689 1436 quodammodo
750 1363 1030 1428 inservire,
1099 1364 1295 1435 quippe
1345 1384 1476 1437 quas
1532 1365 1632 1419 alia

134 1461 342 1515 ratione
388 1458 485 1512 sibi
542 1456 803 1528 subjicere
864 1466 1129 1529 nequeat,
1186 1477 1290 1511 non
1338 1460 1630 1531 negabunt⁷

136 1557 227 1628 qui
277 1552 523 1607 nonnulla
571 1551 780 1604 fallendi
825 1552 1066 1624 exempla
1121 1552 1345 1606 honesta
1396 1571 1515 1606 esse
1541 1551 1630 1627 ju-

135 1649 343 1714 dicant,
380 1655 636 1718 quaerent
671 1655 877 1712 autem,
915 1664 1011 1699 cur
1044 1644 1099 1699 id
1121 1644 1632 1716 homineindignum

136 1746 232 1810 sit,
255 1752 345 1796 aut
372 1740 640 1813 quodnam
666 1740 731 1794 sit
749 1740 801 1792 in
826 1759 889 1793 eo
908 1741 1288 1796 inconstantiae
1308 1739 1535 1812 signum.
1557 1770 1633 1780 --

138 1838 391 1910 Sequitur
451 1854 516 1888 ex
563 1834 819 1888 haetenus
876 1834 1180 1907 disputatis,
1247 1835 1474 1907 primum
1520 1853 1626 1889 non

135 1953 255 1990 esse
307 1931 417 1985 veri
453 1929 673 1983 nominis
711 1929 1141 1996 ineenstantiam,
1178 1950 1316 2002 quae
1358 1932 1426 1983 ab
1471 1930 1626 2004 hujus

135 2026 438 2101 argumenti
482 2024 715 2097 patronis
750 2023 1058 2092 inducatur,
1113 2024 1305 2078 deinde
1341 2023 1486 2097 quod
1521 2025 1626 2079 hoc

134 2124 346 2179 nomine
392 2120 745 2192 significatum
800 2118 1009 2186 volunt,
1067 2121 1120 2173 id
1169 2121 1341 2192 ipsum
1390 2128 1624 2175 autnon

133 2221 309 2274 inesse
358 2215 658 2270 necessario
709 2213 920 2268 fallendi
966 2216 1164 2269 notioni
1200 2223 1291 2268 aut
1336 2233 1622 2287 argumen-

132 2316 385 2371 tationem
421 2329 602 2366 rursus
644 2308 973 2376 desiderare,
1013 2331 1115 2383 qua
1152 2319 1308 2382 turpe
1332 2328 1449 2364 esse
1474 2330 1622 2364 mon-

133 2418 344 2464 stretur.
469 2406 546 2459 Et
592 2403 833 2458 videntur
876 2405 1087 2478 quidem
1135 2403 1406 2469 statuisse,
1483 2404 1620 2477 ejus-

131 2504 276 2559 modi
330 2499 841 2573 argumentationem
892 2500 1278 2574 suppeditalam
1341 2517 1460 2553 esse
1521 2518 1619 2570 per

131 2600 321 2656 scitum
374 2594 498 2650 illud
533 2594 974 2661 Kantianum‚
1027 2611 1132 2664 quo
1173 2594 1360 2658 docet,
1397 2593 1617 2665 quicun-

130 2713 235 2768 que
277 2692 447 2757 sallat,
485 2709 605 2744 eum
642 2689 893 2744 abdicare
931 2688 1087 2745 veluti
1125 2687 1373 2744 facultate
1427 2707 1492 2741 ex
1530 2707 1614 2742 re-

126 2912 181 2970 x)
216 2912 324 2958 Vide
355 2913 381 2964 ἓ
403 2914 446 2954 5.
