1698 3084
673 160 1068 212 -132—-

136 302 366 358 ethicum
417 309 739 354 momentum
800 299 957 372 paulo
1021 308 1141 353 ante
1192 297 1495 372 docuimus)
1549 301 1626 356 di-
1675 315 1691 319 “

134 407 338 452 rectam
411 395 525 463 falsi
604 395 1020 449 enuntiationem
1095 412 1252 465 quam
1317 395 1627 451 indirectam

136 489 372 564 ejusdem
452 490 870 544 insinuationem.
1015 487 1100 542 Ea
1199 498 1376 543 autem
1467 510 1629 562 quum

133 585 206 638 ita
243 603 301 637 se
335 584 601 649 habeant,
631 584 754 657 jure
792 593 969 638 nostro
1009 582 1331 638 concludere
1368 584 1519 638 nobis
1556 586 1628 638 vi-

135 675 350 742 demur,
419 676 724 733 enuntiandi
789 677 1068 732 salsitatem
1129 676 1314 732 nuliius
1386 697 1503 732 esse
1562 677 1631 731 ad

135 770 361 824 ethicam
401 771 661 825 mendacii
700 771 1118 825 aestimationem
1155 773 1422 836 momenti,
1457 789 1630 843 neque

133 862 298 934 igitur
343 863 497 918 aliam
547 867 660 939 ejus
700 885 819 920 esse
857 874 947 920 aut
981 865 1235 939 majorem
1295 885 1452 937 quam
1506 885 1628 918 cae-

132 965 394 1024 terarum,
462 979 599 1031 quae
647 979 891 1014 sermone
934 960 1352 1024 committantur,
1402 957 1630 1012 fallacia-

134 1068 252 1102 rum
302 1052 696 1124 turpitudinem.
745 1086 814 1094 ——-
873 1054 1106 1126 objiciat
1162 1053 1377 1125 aliquis,
1435 1052 1628 1106 nullam

134 1145 298 1216 igitur
347 1147 508 1201 fuisse
555 1149 838 1214 rationem,
888 1166 983 1201 cur
1032 1150 1100 1201 ab
1151 1149 1393 1201 universo
1445 1166 1629 1200 earum

135 1238 460 1293 fallaciarum
506 1261 740 1313 genere,
794 1261 932 1314 quae
983 1242 1036 1293 in
1086 1243 1445 1312 cogitatorum
1494 1243 1632 1296 inter

134 1333 371 1387 homines
419 1337 738 1390 commercio
790 1337 1089 1401 obtineant,
1153 1335 1486 1390 mendacium
1528 1336 1630 1390 ‘di-

136 1416 527 1501 stingueremus
554 1429 649 1500 ο),
705 1431 901 1504 quippe
966 1448 1129 1500 quum
1180 1429 1250 1484 de
1303 1430 1405 1484 hac
1453 1431 1631 1503 specie

134 1523 275 1578 idem
324 1524 471 1598 quod
522 1524 590 1578 de
639 1544 842 1597 genere
880 1524 1111 1579 ethicum
1161 1524 1412 1598 judicium
1457 1526 1629 1579 feren-

135 1619 264 1673 dum
317 1621 397 1674 sit.
491 1618 574 1673 Ad
623 1619 766 1692 quod
814 1619 1114 1693 respondeo
1164 1620 1420 1692 primum,
1484 1619 1628 1674 haud

135 1734 355 1788 parvum
394 1734 512 1768 esse
547 1733 708 1786 posse
742 1715 872 1769 illius
916 1715 1259 1770 distinctionis
1288 1725 1628 1782 momentum,

137 1811 371 1881 quamvis
406 1809 531 1863 nihil
567 1809 725 1864 faciat
764 1808 831 1863 ad
870 1810 1095 1866 ethicam
1132 1812 1404 1882 utriusque
1459 1812 1628 1885 notio-

136 1906 215 1959 nis
258 1905 702 1969 aestimationem,
742 1904 960 1970 deinde,
1011 1917 1248 1960 nostrum
1297 1924 1401 1958 non
1450 1905 1628 1973 fuisse,

135 2008 195 2054 ut
231 1997 492 2053 mendacii
529 2000 738 2051 nomine
786 2001 1050 2052 notionem
1088 1999 1311 2070 aliquam
1349 1998 1628 2052 inducere-

136 2114 282 2159 mus,
333 2113 470 2166 quae
507 2093 759 2164 peculiari
795 2091 1026 2165 quadam
1062 2093 1382 2164 turpitudine
1419 2112 1628 2167 preme—

134 2198 311 2254 retur,
358 2186 413 2241 id
452 2198 635 2242 contra
685 2190 834 2242 nobis
879 2188 1041 2241 fuisse
1080 2187 1380 2259 agendum,
1442 2198 1501 2243 ut
1540 2208 1629 2240 ve·-

137 2304 249 2353 ram
287 2293 446 2356 atque
484 2284 771 2355 genuinam
819 2283 1079 2338 inventam
1131 2281 1374 2337 daremus
1411 2281 1629 2336 menda-

139 2380 204 2433 <eii
253 2379 518 2433 notionem
584 2388 635 2433 et
679 2378 751 2432 ita
808 2376 1021 2432 demum
1072 2377 1141 2430 de
1177 2379 1288 2452 ejus
1340 2377 1420 2430 vel
1466 2377 1627 2430 hone-

139 2485 276 2530 state
316 2474 394 2527 vel
431 2470 754 2545 turpitudine
808 2473 1198 2528 institueremus
1251 2469 1628 2542 quaestionem.

141 2571 500 2631 Quamobrem
549 2568 884 2623 manifestum
939 2577 1046 2634 est,
1106 2586 1208 2621 non
1262 2585 1379 2620 esse
1434 2565 1625 2618 miran-

145 2654 295 2726 dum,
334 2663 504 2736 siquid
542 2664 691 2717 nobis
731 2663 888 2717 fuerit
921 2665 972 2716 in
1008 2662 1283 2717 mendacio
1324 2658 1622 2713 definiendo

146 2758 460 2830 urgendum,
482 2758 623 2830 quod
649 2757 717 2813 ad
740 2758 849 2830 ejus
871 2756 1250 2829 turpitudinem
1270 2754 1389 2809 nihil
1413 2754 1622 2810 omniuo

144 2954 190 3007 ο)
229 2952 421 3003 (jsratur,
451 2953 522 2995 ubi
558 2951 661 2993 hanc
695 2949 1004 2992 distinctionem
1038 2944 1280 2988 induximus.
1310 2947 1335 2997 ἓ
1355 2947 1393 2986 4.
