1698 3084
692 43 1079 96 *64*

143 193 224 240 est
259 203 322 240 ea
375 186 488 258 ipsa
540 184 746 239 fallendi
786 186 956 253 notiO,
1005 195 1065 241 ut
1100 189 1318 245 veritate
1353 188 1633 260 privatum,

143 282 195 335 in
234 300 468 336 errorem
517 280 792 336 inductum
845 283 1066 335 alterum
1123 284 1270 352 velit,
1332 286 1633 358 quicunque

146 377 317 444 sallat3
355 385 437 442 at,
478 394 574 429 cur
599 376 704 430 hoc
729 377 999 432 consilium
1021 386 1178 450 turpe
1205 380 1301 446 sit,
1337 390 1633 435 monstran-

147 469 274 524 dum
308 479 450 536 erat,
494 470 637 543 quod
672 473 752 526 vix
791 472 991 527 facilius
1017 475 1391 546 perspicietur,
1429 476 1633 529 etiamsi

66 576 73 584 “
144 574 228 620 ter
281 576 536 635 quaterve
599 567 808 621 mutatis
868 577 1072 622 tantum
1128 569 1301 623 verbis
1362 579 1633 637 recurrat,

146 659 329 713 fallere
386 678 505 713 esse
556 669 741 733 turpe,
810 663 934 735 quia
981 672 1139 738 turpe
1190 664 1257 718 sit
1312 662 1521 731 fallere;
1562 693 1633 703 ·—

145 764 238 809 aut
275 754 463 808 exinde
511 754 723 810 fallendi
758 758 1025 812 notionem
1059 756 1466 830 improbandam
1515 777 1633 813 esse

143 847 499 917 concludunt,
561 852 685 923 quia
732 853 859 908 alios
918 851 1023 906 salli
1073 852 1267 907 malum
1315 854 1383 908 sit
1430 851 1525 925 k);
1591 852 1634 907 si

142 944 281 999 enim
317 964 501 998 voc-em
548 946 669 1000 mali
716 947 785 1002 de
832 947 1158 1020 turpitudine
1191 948 1508 1004 intellectam
1541 967 1634 1002 vo-

140 1038 280 1106 lunt,
316 1040 499 1112 petitio
536 1041 672 1097 inest
703 1043 968 1116 principii,
1007 1043 1085 1097 sin
1122 1043 1224 1097 salli
1262 1044 1483 1118 physice
1517 1053 1635 1098 tan-

142 1142 254 1189 tum
307 1133 503 1187 malum
578 1155 698 1190 esse
761 1137 1086 1208 intelligunt,
1154 1157 1308 1192 nemo
1376 1147 1484 1205 est,
1544 1138 1634 1210 qui

141 1229 372 1295 nesciat,
441 1229 663 1286 honeste
711 1216 980 1287 vinterdum
1039 1243 1091 1288 et
1149 1252 1180 1287 a
1230 1232 1379 1287 nobis
1438 1231 1639 1303 suscipi

140 1325 362 1399 physice
398 1324 533 1379 mala
569 1333 624 1380 et
659 1324 766 1379 aliis
797 1327 995 1398 infligi3
1029 1358 1100 1367 -—
1135 1338 1227 1382 aut
1259 1345 1346 1381 res
1384 1345 1416 1380 a
1453 1326 1633 1380 fallen-

141 1422 282 1477 tibus
325 1420 546 1474 veritate
581 1419 793 1492 spoliari
841 1420 1063 1489 docent,
1110 1421 1273 1493 idque
1317 1431 1476 1494 turpe
1513 1440 1633 1476 esse

143 1513 498 1579 contendunt,
555 1515 803 1584 quoniam
844 1498 932 1571 res
969 1535 1077 1571 non
1118 1517 1215 1572 nisi
1254 1526 1470 1571 eatenus
1509 1516 1629 1583 sint,

140 1620 401 1684 quatenus
448 1627 606 1662 verae
653 1609 755 1665 sint
791 1609 872 1681 l);
910 1611 1046 1666 haec
1087 1613 1224 1666 enim
1277 1631 1308 1664 e
1351 1611 1628 1685 metaphy-

140 1706 262 1762 sicis
298 1704 578 1777 depromta
614 1704 842 1778 objectio
880 1725 985 1779 quo
1021 1705 1233 1774 tendat,
1287 1724 1442 1760 nemo
1479 1706 1629 1760 intel-

138 1799 299 1872 liget,
339 1799 436 1853 nisi
473 1799 610 1854 forte
646 1809 737 1854 aut
771 1802 994 1873 turpiter
1035 1822 1067 1856 a
1098 1800 1248 1855 nobis
1288 1801 1405 1854 fieri
1434 1799 1631 1854 docere

140 1894 347 1961 volunt,
399 1892 545 1963 quod
601 1912 687 1948 res
736 1895 1013 1951 immutare
1063 1894 1475 1968 aggrediamur,
1537 1903 1630 1948 aut

140 1989 368 2044 fallendo
429 2006 615 2042 revera
662 1999 883 2044 naturae
932 1990 1172 2044 ordinem
1223 1989 1357 2055 tolli,
1414 2005 1628 2042 cursum

139 2083 439 2158 perturbari
486 2081 970 2140 demonstraverint.
1117 2084 1277 2146 Quod
1326 2101 1450 2136 vero
1496 2101 1627 2136 non-

140 2177 263 2231 nulli
308 2178 382 2233 ita
432 2179 673 2234 concludi
735 2199 894 2254 posse
944 2189 1244 2245 autumant,
1309 2177 1351 2232 si
1403 2178 1627 2232 honeste

138 2290 514 2342 nonnunquam
567 2274 743 2331 fallant
793 2276 1059 2342 homines,
1109 2294 1242 2347 ergo
1280 2273 1456 2326 Deum
1494 2291 1626 2344 quo-

139 2387 245 2440 que
294 2367 475 2422 fallere
523 2388 710 2443 posse,
768 2379 927 2444 atque
986 2370 1127 2423 hanc
1180 2366 1625 2440 consequentiam,

140 2482 298 2535 quam
345 2482 500 2518 nemo
538 2463 818 2520 admittere
857 2465 1103 2533 voluerit,
1143 2463 1392 2520 sufficere
1430 2460 1627 2518 docent

139 2754 188 2811 k)
219 2754 417 2798 Abram
450 2757 529 2799 loc.
562 2758 694 2800 citato
726 2758 837 2809 §3⁷-

136 2852 178 2909 l)
211 2854 388 2898 Lamb.
427 2853 640 2894 Danae}
674 2850 847 2894 Ethices
878 2850 1016 2894 christ.
1049 2850 1074 2893 1.
1096 2849 1148 2894 11.
1183 2861 1217 2890 c·
1236 2849 1301 2890 16.
1337 2842 1406 2888 fol.
1439 2843 1544 2887 249.
