1698 3084
633 110 1021 165 —115—

81 250 418 306 rationabiles
455 252 582 317 sint,
634 253 1079 322 communionem,
1116 255 1378 328 posterius
1418 279 1557 326 vero,

83 365 147 399 ea
181 346 388 399 demum
427 346 549 418 lege
584 347 1069 414 rationabilitatem,
1123 369 1259 422 quae
1311 349 1454 421 quod
1490 352 1559 405 ad

78 441 365 511 potentiam
415 442 653 495 omnibus
704 451 995 514 competat,
1059 441 1128 495 ad
1169 444 1414 498 effectum
1463 444 1557 498 ad-

80 531 203 585 duci
246 552 429 604 posse,
489 535 532 587 si
586 536 948 588 communione
1003 534 1220 590 aliorum
1273 538 1556 592 rationabi-

76 626 199 680 lium
237 627 488 680 fruantur.
561 629 646 681 De
681 639 909 698 utroque
942 629 1123 698 paucis
1175 628 1552 686 disserendum.

70 721 146 775 Et
178 721 407 792 priorem
443 721 655 792 quidem
704 722 846 795 quod
900 722 1082 776 attinet
1116 724 1545 795 propositionem,

70 832 177 867 non
212 816 284 869 ita
320 814 534 885 intelligi
572 815 833 882 volu1nUS,
883 835 947 870 ac
984 817 1026 871 si
1065 826 1384 885 statuamus,
1435 821 1546 873 nul-

70 907 172 960 lam
205 909 404 979 absque
440 927 682 962 sermone
719 919 810 964 aut
857 912 979 963 oriri
1013 931 1170 983 posse
1208 921 1298 966 aut
1335 932 1547 967 conser-

68 1002 176 1054 vari
231 1003 364 1055 inter
416 1002 650 1055 homines
708 1005 968 1058 societatis
1031 1005 1290 1078 speciem,
1351 1008 1546 1064 nullum

70 1096 393 1158 convictum,
450 1094 644 1148 nullum
680 1096 732 1148 in
763 1097 984 1151 utilitate
1035 1098 1263 1169 quadam
1314 1102 1392 1154 vel
1443 1105 1545 1157 sin-

62 1189 310 1260 gulorum
347 1188 425 1241 vel
461 1190 688 1242 omnium
724 1190 1084 1261 promovenda
1118 1202 1355 1246 mutuum
1393 1194 1540 1267 adju-

64 1283 290 1349 torium3
326 1292 407 1338 est
442 1283 632 1336 etenim
666 1284 995 1338 manifestum
1016 1326 1030 1349 ,
1079 1285 1214 1338 haec
1249 1287 1421 1340 omnia
1459 1289 1541 1343 vel

61 1377 198 1430 iuter
232 1378 507 1430 brutorum
542 1377 803 1446 quaedam
839 1396 1041 1448 genera
1068 1378 1332 1444 obtinere,
1371 1400 1543 1450 neque

62 1489 188 1523 vero
225 1471 504 1542 quicquam
543 1482 649 1537 est,
689 1472 732 1525 si
771 1471 895 1543 quid
931 1471 1110 1537 vide0,
1151 1472 1539 1544 impedimenw,

64 1565 338 1635 quominus
378 1564 564 1619 eadem
609 1567 743 1620 inter
780 1567 1014 1620 homines
1056 1585 1265 1638 quoque
1296 1567 1406 1621 sine
1442 1572 1541 1626 ulla

64 1659 317 1713 sermonis
356 1678 457 1732 ope
492 1646 693 1733 possint
729 1660 965 1714 existere.
1039 1659 1178 1723 Sed,
1216 1662 1358 1732 quod
1385 1664 1533 1718 intel-

62 1753 299 1824 ligimus,
364 1754 466 1807 hoc
516 1764 617 1810 est:
676 1773 1020 1826 quaecunque
1055 1755 1158 1808 sint
1191 1754 1242 1806 in
1279 1757 1533 1811 societate

63 1847 306 1913 humana,
341 1849 526 1920 quibus
554 1849 689 1903 inter
719 1849 818 1902 ista
846 1857 1172 1900 caeterorum
1198 1848 1533 1907 animantium

58 1942 297 1995 examina
347 1942 590 2007 excellat,
647 1941 784 1996 vitae
833 1941 1146 1995 rationabilis
1198 1945 1415 2015 vestigia
1463 1947 1531 2000 si-

60 2035 192 2101 mul,
229 2036 378 2089 simul
412 2035 738 2107 adjumenta,
774 2053 839 2087 ea
880 2035 1052 2088 omnia
1088 2044 1142 2090 et
1178 2055 1419 2090 sermone
1454 2038 1531 2090 in-

60 2131 378 2184 terveniente
422 2138 548 2183 nata
596 2147 712 2182 esse
749 2136 907 2199 atque
945 2130 1138 2182 florere
1184 2140 1267 2196 et,
1317 2132 1359 2184 si
1410 2152 1532 2188 eum

60 2223 354 2288 sustuleris,
393 2243 423 2276 e
458 2223 678 2293 vestigio
718 2241 833 2275 esse
868 2223 1154 2276 interitura.
1225 2224 1387 2278 Nasci
1436 2248 1528 2281 au-

58 2328 165 2372 tem
202 2318 299 2372 ista
350 2318 520 2370 omnia
557 2327 712 2388 atque
748 2317 942 2368 florere
995 2317 1364 2372 interveniente
1418 2341 1528 2374 ser-

56 2431 239 2478 mone,
289 2421 367 2466 est
411 2410 465 2463 id
513 2409 723 2482 quidem
771 2408 843 2463 ita
890 2408 1249 2476 manifestum,
1309 2421 1368 2466 ut
1419 2434 1523 2469 non

10 2508 218 2576 “egeat
271 2504 740 2568 demonstratione,
816 2522 883 2556 ne
929 2511 1103 2556 tamen
1162 2505 1304 2559 hunc
1354 2506 1527 2567 locum

57 2601 266 2653 omnino
323 2600 655 2671 praeteriisse
707 2596 1001 2662 videamur,
1068 2616 1336 2669 apponere
1372 2602 1530 2657 liceat

56 2692 405 2748 laudationem
455 2693 710 2748 facultatis
760 2691 993 2762 cogitata
1027 2700 1205 2746 nostra
1251 2714 1370 2748 cum
1417 2697 1524 2749 aliis

58 2787 471 2842 communie-andi
540 2788 643 2841 huc
698 2786 1070 2858 pertinentem,
1147 2789 1213 2841 ab
1275 2808 1339 2842 eo
1401 2793 1528 2844 scri-

54 2888 205 2950 ptore
244 2882 549 2948 exhibitam,
599 2882 685 2953 qui
738 2879 1092 2934 recentissima
1141 2883 1391 2937 memoria
1433 2882 1526 2936 do*

1061 2978 1096 3028 8
1120 2978 1139 3000 *k
