1698 3084
8 188 145 243 latae
180 196 381 243 tantum
431 186 481 239 in
545 187 859 259 quibusdam
907 188 1091 244 illicitis
1150 190 1485 262 turpitudinis

12 299 239 336 causam.

661 511 702 588 ς
774 514 856 568 13.

159 653 491 725 Quamquam
525 664 702 711 autem
736 673 910 727 neque
945 655 1079 709 haec
1114 653 1356 710 doctrina
1385 657 1494 712 suf-

18 744 200 800 ficiens
264 750 485 819 praebet
542 750 672 803 illius
742 749 1085 804 distinctionis
1155 751 1496 823 explicandae

19 839 447 908 fundamentum,
520 862 694 914 neque
747 863 871 899 vero
919 844 1089 915 magis
1146 845 1252 898 huc
1301 847 1500 903 faciunt

20 932 154 987 aliae
179 937 439 1007 quaedam
475 937 543 991 de
569 940 657 993 tali
685 941 808 1014 jure
839 936 1148 993 inveniendo
1186 949 1348 1009 atque
1373 960 1499 995 con-

23 1029 288 1084 stituendo
357 1034 675 1099 sententiae,
753 1052 913 1106 quas,
981 1033 1227 1104 quoniam
1289 1035 1500 1088 minoris

25 1133 147 1178 sunt
192 1127 470 1193 momenti,
533 1128 796 1183 brevitatis
844 1126 1017 1180 studio
1075 1146 1349 1181 censemus
1387 1148 1503 1182 esse

27 1216 232 1272 silentio
293 1222 738 1292 praetereundas:
813 1238 920 1273 non
979 1239 1257 1292 possumus
1311 1230 1505 1288 tamen,

25 1311 152 1380 quin
193 1321 425 1368 eatenus
460 1335 643 1370 earum
692 1325 904 1370 autores
952 1334 1134 1368 verum
1175 1316 1366 1370 vidisse
1400 1325 1505 1371 sta-

26 1413 263 1473 tuamus,
299 1419 556 1480 quatenus
592 1412 645 1463 in
680 1409 957 1463 violatione
993 1409 1218 1480 quadam
1249 1410 1380 1484 juris
1412 1431 1507 1482 po-

25 1501 254 1555 nendam
289 1522 408 1557 esse
466 1503 723 1560 ducerent
754 1502 1157 1574 turpitudinem,
1206 1525 1363 1578 quam
1398 1506 1509 1577 ple-

28 1596 207 1669 risque
242 1596 454 1652 fallaciis
505 1600 845 1654 observarant
877 1598 1165 1651 inhaerere.
1258 1599 1336 1654 Ut
1369 1600 1506 1655 enim

27 1700 328 1759 taceamus,
379 1713 536 1765 quem
572 1712 732 1766 supra
776 1693 1321 1758 commemoravimUS,
1371 1712 1506 1765 gen-

27 1787 159 1842 tium
214 1807 527 1842 consensum
579 1788 685 1842 huc
743 1796 1076 1842 revocantem
1127 1788 1385 1862 judicium
1436 1788 1506 1842 de

28 1882 306 1937 honestate
347 1902 411 1936 ac
445 1883 770 1955 turpitudine
804 1883 1150 1947 saiiaciarum,
1182 1899 1281 1953 pro
1319 1880 1506 1935 eadem

29 1978 291 2032 sententia.
321 1977 541 2031 miiitare
574 1977 841 2042 videntur,
880 1985 1138 2048 quotquot
1174 1986 1296 2030 sunt
1330 1996 1363 2030 a
1413 1995 1505 2029 no-

28 2071 109 2125 bis
147 2070 331 2137 allata,
384 2071 522 2126 licite
576 2071 788 2125 fallendi
842 2071 1103 2143 exempla:
1158 2071 1213 2124 in
1261 2071 1323 2125 iis
1372 2071 1506 2124 enim

29 2166 270 2220 omnibus
305 2166 434 2219 tales
493 2166 729 2220 homines
767 2165 975 2219 fallendi
1023 2163 1369 2229 inducuntur,
1418 2163 1508 2232 qui

0 2314 1 2318 ,
29 2260 113 2315 vel
144 2269 363 2333 propter
396 2259 624 2326 scelera,
684 2261 738 2312 in
774 2262 961 2333 quibus
996 2257 1358 2332 perpetrandis
1393 2276 1508 2310 ver-

0 2341 239 2420 isentur,
298 2353 377 2406 vel
412 2364 629 2427 propter
664 2357 852 2409 mentis
891 2355 1254 2408 alienationem
1307 2351 1388 2406 vel
1439 2354 1507 2406 ob

0 2438 184 2524 {aliam
220 2447 447 2520 denique
485 2468 700 2504 eausam
747 2450 929 2522 capitis
968 2448 1404 2514 deminutionem,
1453 2457 1510 2503 ut

30 2546 104 2601 ita
137 2545 340 2611 dicam,
394 2545 687 2616 patiantur3
724 2545 899 2616 turpia
943 2554 1117 2598 autem
1161 2541 1347 2596 eadem
1389 2541 1509 2595 red-

32 2640 224 2695 dentur
270 2639 534 2711 exempla,
582 2640 625 2693 si
670 2639 873 2692 illorum
923 2638 1190 2691 hominum
1246 2637 1511 2709 paululum

8 2735 380 2798 ,immutaveris
418 2734 840 2805 descriptionem.
880 2764 950 2772 ——
988 2731 1279 2786 Statuimus
1319 2742 1510 2795 autem,

9 2829 146 2906 ,ideo
196 2850 299 2884 non
349 2828 669 2883 successisse
720 2847 905 2882 eorum
951 2828 1002 2879 in
1053 2826 1511 2881 commonstrando

11 2934 14 2996 ἰ

13 3044 15 3084 4
