1719 3084
656 77 1043 130 seq...

106 219 202 272 sita
253 224 410 289 atque
463 212 757 287 disparata,
809 225 868 270 ut
910 216 1076 288 igitur
1110 215 1164 269 in
1203 219 1583 288 cogitationum

105 323 399 367 nostrarum
451 318 731 380 systemate
780 310 953 362 locum
1004 310 1051 361 ei
1090 309 1363 381 assignare
1411 314 1580 368 valea-

102 426 244 472 nmS,
280 405 371 459 ubi
404 403 584 475 positis
617 402 846 475 undique
879 403 1111 457 terminis
1138 414 1343 474 regnet.
1418 408 1580 468 Quod

99 501 141 554 si
175 501 227 552 in
259 499 555 553 universum
591 496 762 550 valere
799 496 1136 561 conceditur,
1173 506 1365 564 restat,
1402 510 1462 554 ut
1497 502 1574 553 in-

100 594 412 666 spiciamus,
468 600 642 645 utrum
689 591 792 645 tale
839 590 966 664 quid
1013 591 1066 644 in
1114 591 1216 643 hac
1253 600 1433 646 nostra
1480 613 1573 648 no-

95 689 237 742 tione
273 705 372 741 usu
416 686 587 740 veniat
624 704 819 739 necne:
878 694 930 740 et
988 685 1292 739 fatebuntur
1341 686 1569 757 quidem,

95 801 279 854 spem,
317 798 525 846 omnes,
573 779 677 832 hac
714 780 917 834 ratione
965 779 1254 833 cohaerere
1288 782 1571 835 mentiendi

93 877 358 930 notionem
395 891 516 927 cum
552 874 848 927 notionibus
886 870 1121 935 fallendi,
1164 873 1398 940 errandi,
1437 875 1567 929 salsa

91 979 146 1024 et
198 987 323 1024 vera
371 965 619 1037 loquendi
657 975 786 1032 cet.;
840 965 893 1017 in
950 965 1136 1035 quibus
1191 968 1566 1023 constituendis

90 1064 280 1135 partim
315 1060 484 1114 nullae
520 1070 803 1114 occurrant
840 1059 1203 1123 difficultateS,
1243 1063 1434 1131 parlim
1468 1063 1562 1116 ad-

35 1171 40 1178 ‘
86 1155 303 1210 modum
351 1154 503 1207 facile
551 1152 845 1208 solvendae.
931 1154 1089 1206 Haec
1136 1162 1312 1208 autem
1363 1154 1563 1221 relatio,

83 1250 169 1302 hic
217 1267 381 1302 nexus
419 1267 523 1301 non
579 1257 661 1301 est
707 1247 1037 1314 arbitrariUS,
1092 1248 1329 1320 sequitur
1379 1259 1564 1304 contra

82 1342 380 1396 necessario
429 1361 492 1395 ex
542 1343 773 1413 ipsarum
823 1342 1092 1396 notionum
1143 1350 1345 1394 natura.
1418 1343 1561 1398 Hinc

77 1437 239 1508 igitur
275 1437 486 1508 petituri
529 1451 706 1490 sumus
743 1445 921 1501 notas,
961 1437 1149 1507 quibus
1184 1435 1238 1489 in
1273 1435 1557 1491 mendaciis

77 1531 409 1583 mendacium
460 1538 811 1600 agnoscatur,
860 1532 1113 1595 essentia,
1162 1539 1221 1584 ut
1273 1529 1557 1600 loquuntur

75 1624 397 1697 philosophi,
473 1626 540 1676 ab
609 1623 967 1679 accidentibus
1033 1623 1414 1694 distinguatur,
1490 1642 1555 1677 ea

75 1719 226 1789 lege,
276 1724 363 1782 ut,
415 1717 770 1790 quodcunque
817 1719 870 1771 in
911 1719 1159 1789 exemplis
1196 1718 1406 1772 obvium
1440 1736 1550 1770 ma-

71 1821 232 1866 nente
274 1810 358 1865 illo
406 1830 544 1867 nexu
589 1811 694 1867 tolli
733 1830 838 1866 non
885 1812 1079 1885 possit,
1129 1809 1184 1865 id
1231 1831 1297 1865 ea
1339 1811 1455 1883 ipsa
1489 1829 1550 1864 re

73 1905 142 1959 ad
207 1905 469 1960 mendacii
532 1905 811 1960 essentiam
878 1907 1143 1979 pertinere
1210 1904 1546 1975 intelligatur,

70 1999 423 2073 quodcunque
480 2001 792 2053 inconcusso
855 2001 938 2055 illo
999 2010 1090 2056 aut
1145 2001 1338 2054 mutari
1379 1999 1545 2071 possit

67 2104 158 2149 aut
193 2094 326 2160 tolli,
383 2094 439 2148 id
485 2094 759 2166 exempHS,
810 2114 915 2149 non
966 2105 1222 2167 quatenus
1269 2092 1544 2147 mendacia

65 2190 191 2254 sint,
229 2187 325 2243 sed
369 2187 577 2241 aliunde
625 2188 796 2241 inesse
832 2198 1104 2253 statuatur.
1176 2189 1368 2260 Neque
1414 2206 1539 2241 vero

63 2281 252 2336 desunt
288 2281 497 2336 omnino
533 2280 633 2334 alia
667 2282 925 2348 subsidia,
967 2284 1154 2355 quibus
1187 2282 1324 2335 inter
1371 2280 1539 2334 notio-

60 2394 181 2428 nem
220 2375 321 2429 hac
357 2376 438 2428 via
489 2374 845 2447 quaerendam
884 2378 957 2432 uti
1003 2377 1171 2431 lic-eat.
1263 2375 1387 2428 Non
1439 2374 1539 2428 erit

61 2470 198 2522 enim
253 2468 343 2541 (ut
387 2488 549 2522 unum
594 2477 793 2523 tantum
842 2489 1345 2534 commemoremus,
1395 2466 1538 2540 quod

61 2564 369 2636 plerumque
441 2562 759 2634 negligitur)
828 2565 938 2617 sine
1013 2566 1187 2617 fructu
1255 2562 1532 2634 diligenter

61 2657 485 2712 animadvertisse
521 2665 575 2708 ct
609 2665 910 2711 constanter
945 2659 1202 2723 tenuisse,
1241 2657 1383 2728 quod
1419 2656 1531 2729 jam

59 2771 215 2823 supra
267 2754 426 2805 verbo
475 2750 772 2821 teffigimus,
820 2751 1084 2804 notionem
1121 2749 1376 2804 mendacii
1414 2768 1531 2802 esse

57 2865 120 2901 ex
166 2865 266 2900 usu
301 2847 436 2915 vitae
475 2844 760 2898 communis
797 2844 1069 2899 oriundam
1117 2845 1290 2917 ibique
1336 2843 1533 2898 adhuc-
