1698 3084
565 93 946 145 *97*

20 235 222 290 caci-am
260 232 327 287 ad
374 233 525 305 leges
582 234 800 289 rationis
839 231 1187 289 revocandam
1227 240 1385 302 atque
1422 251 1506 285 re-

19 328 271 400 gendam.
357 328 512 387 Quae
562 329 698 381 enim
737 328 804 382 ad
841 330 1071 400 priorem
1120 327 1341 380 classem
1385 344 1506 397 per—

22 424 210 487 tinent,
248 440 330 486 ea,
371 440 530 492 quum
571 422 756 477 nullius
794 443 929 488 esse,
966 422 1009 477 si
1043 441 1140 495 per
1176 439 1234 473 se
1270 427 1508 491 specten-

18 523 138 579 tur,
206 513 359 585 pretii
411 515 793 588 inteiiigantur,
861 516 959 570 sed
1019 524 1235 570 eatenus
1296 511 1504 566 demum

17 607 121 660 ullo
162 607 281 661 loco
320 608 594 679 ponenda,
650 620 906 682 quarenus
943 609 1134 662 idonea
1172 607 1280 660 visa
1316 607 1506 661 fuerint

17 700 200 754 media
251 701 318 753 ad
351 704 736 773 promovendos
787 702 1000 757 rationis
1039 702 1199 766 fineS,
1256 701 1358 754 hoc
1393 721 1505 755 mo-

13 794 138 848 dulo
205 796 484 849 aestimare
538 796 878 860 debebimus,
948 794 1022 848 ita
1070 812 1196 847 vero
1255 803 1503 861 tractare,

13 896 76 942 ut
115 888 265 941 nobis
314 890 682 962 subjiciamus,
738 899 918 943 nostra
963 886 1275 953 reddamus,
1322 888 1374 940 in
1415 907 1501 941 ra·-

14 982 169 1035 tionis
208 982 372 1051 igitur
408 983 659 1036 ditionem
707 983 963 1036 indirecto
999 980 1159 1033 modo
1194 981 1498 1054 redigamus

13 1085 70 1129 et
104 1074 173 1128 ad
213 1084 510 1142 externam,
552 1076 699 1150 cujus
734 1084 938 1130 tantum
976 1075 1190 1145 capacia
1218 1086 1365 1141 sunt,
1404 1077 1497 1130 ad-

14 1166 269 1221 ducamus
319 1187 438 1224 eum
475 1169 682 1241 legibus
719 1170 828 1243 ejus
867 1167 1203 1222 harmoniam.
1277 1169 1358 1223 Ita
1394 1171 1490 1223 ho-

13 1262 180 1315 mines
219 1280 432 1334 quoque
470 1266 666 1318 versari
700 1263 935 1319 videmus
984 1264 1037 1316 in
1075 1279 1208 1332 agro
1245 1283 1288 1315 v.
1322 1282 1366 1316 c.
1406 1284 1495 1318 co—

10 1353 196 1420 leudO,
244 1355 322 1409 his
361 1357 706 1429 exstirpandis
749 1359 842 1411 iilis
887 1354 1256 1411 conservandis
1295 1357 1492 1428 planta-

9 1466 150 1505 rum,
177 1450 493 1518 generibus,
544 1452 597 1504 in
635 1451 936 1504 animalibus
983 1451 1172 1522 parrim
1220 1449 1514 1539 domandis*

5 1544 200 1614 partim
237 1543 519 1597 caedendis
558 1555 674 1610 cet.,
709 1544 760 1597 in
791 1546 974 1616 quibus
1015 1543 1251 1598 omnibus
1276 1545 1494 1618 dejure,

9 1656 116 1708 quo
153 1637 406 1691 adversus
455 1656 552 1692 nos
604 1637 906 1709 gaudeam,
962 1656 1114 1691 nemo
1165 1640 1493 1709 cogitaverit,

9 1751 185 1804 neque
230 1751 355 1786 vero
391 1732 561 1802 magis
599 1730 667 1784 de
705 1730 1040 1794 damnandis,
1091 1732 1257 1787 sicubi
1293 1735 1492 1787 adhibi-

9 1835 100 1880 tae
136 1826 355 1892 fuerint,
408 1825 634 1878 fallaciis
723 1826 790 1878 At
845 1824 944 1877 aiia
992 1843 1077 1877 res
1128 1836 1208 1880 est
1246 1826 1314 1880 de
1362 1830 1493 1883 enti-

7 1921 111 1973 bus
147 1920 351 1974 ratione
395 1918 672 1991 praeditis,
724 1928 979 1990 quatenus
1030 1929 1151 1974 sunt
1199 1920 1335 1974 talia.
1407 1923 1493 1977 Ea

12 2014 152 2067 enim
188 2033 349 2086 quum
383 2014 620 2066 internae
656 2031 777 2065 cum
811 2011 1017 2083 legibus
1055 2012 1237 2066 ethicis
1285 2014 1492 2068 harmo-

11 2109 129 2162 niae
163 2126 268 2161 non
303 2109 470 2160 minus
508 2106 609 2160 sint
644 2125 802 2178 quam
828 2125 924 2160 nos
965 2107 1206 2178 capacia,
1244 2126 1348 2160 non
1370 2129 1492 2180 pos·

10 2220 220 2267 sumus,
271 2203 393 2273 quin
439 2200 812 2272 praestantiam
859 2210 1080 2253 naturae
1126 2210 1305 2255 nostra
1349 2203 1493 2257 haud

8 2295 298 2360 inferioriS,
368 2294 521 2347 divini
587 2294 784 2348 autoris
847 2292 1130 2363 imaginem
1198 2295 1491 2365 1·eferenti5‚

4 2389 67 2442 *in
115 2389 177 2443 iis
214 2387 658 2459 quemadmodum
692 2389 746 2441 in
791 2386 942 2440 nobis
986 2405 1346 2456 revereamur,
1405 2411 1495 2445 eo-

6 2481 133 2536 dem
169 2501 234 2534 ea
292 2501 396 2553 quo
437 2502 531 2536 nos
568 2480 744 2553 gradu
778 2479 1042 2534 voluntate
1090 2485 1276 2536 summi
1326 2487 1492 2541 numi-

6 2574 88 2627 nis
128 2574 382 2629 collocata
424 2597 541 2630 esse
577 2575 955 2645 intelligamu53
1008 2593 1229 2629 necesse
1277 2588 1357 2633 est
1392 2580 1491 2651 igi-

8 2675 127 2732 tur,
194 2678 248 2722 et
287 2669 560 2726 voluntatis
597 2672 649 2723 in
700 2670 761 2722 iis
819 2668 1112 2722 libertatem
1150 2670 1491 2741 suspicientes

11 2755 394 2832 agnoscamus,
451 2783 588 2836 quae
625 2782 729 2816 non
766 2770 946 2815 nostro
983 2762 1050 2817 sit
1083 2763 1282 2834 magis,
1338 2785 1492 2837 quam

12 2864 190 2910 nostra
235 2856 438 2912 illorum
490 2857 700 2911 arbitrio
754 2855 1105 2926 subjicienda,
1179 2877 1335 2929 quam
1389 2879 1493 2914 non

1097 2953 1131 2971 fh(

1103 2970 1120 3003 ό
