1698 3084
699 88 1088 141 *93-

161 232 351 300 nostris
389 229 716 283 instrumenti
755 229 916 284 instar
963 230 1214 284 inservire
1251 231 1526 296 consilii5,·
1551 229 1648 284 sed

163 348 256 383 sua
292 325 387 378 ,sibi
443 333 590 377 motu
625 327 841 397 proprio
894 323 1093 395 eligere
1140 335 1409 395 oporteat,
1470 333 1523 378 et
1571 325 1647 377 in-

163 423 457 484 tellectum,
520 419 608 490 qui
661 419 767 472 sive
804 419 975 490 magis
1012 419 1078 473 sit
1115 419 1352 473 excultus
1399 419 1509 474 sive
1556 418 1651 470 mi-

164 537 261 569 nus
300 533 458 586 quam
491 522 700 579 noster,
739 513 872 567 veris
908 522 1114 578 tamen,
1152 522 1410 585 quatenus
1446 512 1547 565 sint
1585 510 1652 563 ad

161 609 456 682 regendam
526 607 845 662 voluntatem
915 606 1242 671 necessaria,
1319 602 1654 659 admittendis

163 713 317 759 natus
354 712 513 772 atque
550 709 737 774 aptus,
775 701 908 754 salsa
943 719 1049 752 non
1084 701 1253 754 minus
1290 719 1448 772 quam
1472 707 1651 754 noster

161 806 393 870 respuat.
476 796 563 850 Ex
611 795 715 848 hac
770 804 950 849 autem
985 793 1140 848 animi
1190 795 1501 860 affectione,
1548 792 1656 848 sive

163 890 556 949 venerationem
595 898 816 943 naturae
853 889 1171 943 rationabilis
1209 889 1317 942 sive
1352 897 1657 962 respectum

164 985 520 1060 praestantiae
567 993 726 1056 atque
775 982 1043 1055 dignitatis
1090 984 1354 1038 humanae
1400 984 1508 1037 sive
1551 1001 1656 1054 qno

169 1082 268 1135 alio
301 1079 512 1132 nomine
548 1078 812 1152 appellare
843 1078 1130 1150 placuerit,
1185 1098 1322 1151 quae
1358 1097 1517 1144 ver0,
1561 1076 1658 1129 nisi

167 1197 286 1230 eam
324 1174 450 1229 data
486 1192 650 1246 opera
689 1172 911 1226 evellere
948 1174 1194 1244 aggressi
1231 1173 1510 1238 fuerimus,
1568 1189 1657 1225 ex·-

167 1273 316 1328 sistat
352 1288 573 1323 necesse
624 1276 914 1340 estatque
964 1278 1301 1333 renascatur,
1351 1265 1558 1338 quoties
1604 1264 1657 1316 in
1697 1314 1698 1334 ἶ

167 1385 260 1420 ens
316 1362 528 1436 aliquod
585 1363 788 1416 ratione
840 1359 1139 1433 praeditum
1189 1360 1556 1426 inciderimus3
1595 1377 1658 1412 ex
1697 1340 1698 1372 ³

167 1461 299 1525 hae,
354 1459 596 1529 inquam,
651 1457 805 1510 animi
842 1455 1127 1509 affectione
1162 1457 1253 1522 fit,
1316 1466 1374 1511 ut
1411 1475 1532 1509 cum
1568 1474 1657 1508 en-

168 1556 310 1609 tibus
359 1551 755 1606 rationabilibus
793 1568 931 1605 nova
965 1547 1228 1620 quaedam
1282 1549 1480 1604 oriatur
1525 1548 1658 1602 rela-

170 1651 273 1714 ti0,
325 1666 430 1700 non
479 1646 531 1700 in
589 1666 693 1720 qua
738 1646 906 1701 altera
959 1662 1083 1717 pars
1130 1645 1197 1698 sit
1243 1664 1388 1698 mere
1431 1644 1654 1718 passiva,

170 1742 267 1799 sed
306 1762 443 1814 quae
488 1750 674 1796 mutua
721 1741 785 1795 sit
834 1759 899 1793 ac
932 1738 1237 1809 reciproca:
1302 1749 1360 1793 ut
1378 1739 1540 1812 jura
1592 1739 1653 1791 iis

166 1840 403 1893 tribuere
484 1854 758 1907 cogamur.
868 1834 1132 1888 Poterant
1210 1844 1387 1887 autem
1475 1841 1652 1886 nostra

170 1933 312 1987 eirca
349 1931 485 1984 haec
522 1930 649 2003 jura
684 1929 862 1983 officia
906 1929 1147 1981 revocari
1197 1927 1266 1981 ad
1307 1926 1413 1980 duo
1450 1927 1656 1980 univer-

172 2028 363 2083 saliora
411 2034 725 2098 praecepta,
777 2042 1001 2094 quorum
1044 2023 1189 2094 prius
1239 2031 1347 2085 est,
1390 2030 1475 2086 ut,
1524 2040 1655 2093 quo-

170 2122 544 2192 modocunque
588 2119 637 2171 in
682 2117 900 2170 aliorum
957 2116 1250 2171 efficaciam
1296 2117 1519 2169 intinere
1569 2135 1658 2169 eo-

169 2234 386 2280 nemur,
424 2212 480 2267 id
518 2213 591 2266 ita
633 2222 810 2266 tamen
837 2231 1048 2285 semper
1075 2214 1197 2279 fiat,
1244 2220 1330 2277 ut,
1368 2229 1505 2283 quae
1534 2208 1656 2264 inde

166 2312 402 2365 oriantur
456 2307 719 2373 actiones,
783 2326 968 2362 eorum
1024 2309 1126 2363 sint
1177 2306 1452 2362 scientium
1500 2314 1659 2377 atque

164 2406 476 2469 volentium,
521 2422 627 2456 non
676 2412 919 2469 nostrae,
980 2403 1041 2457 iis
1094 2403 1251 2457 veluti
1302 2400 1656 2455 instrumentis

174 2501 458 2567 utentiun13
496 2498 785 2570 posterius,
832 2509 917 2565 ut,
968 2497 1115 2571 quod
1147 2497 1296 2551 nobis
1334 2493 1656 2550 vindicemus

168 2596 222 2649 in
259 2596 400 2650 entia
448 2593 662 2648 rationis
704 2594 940 2665 expertia
973 2593 1277 2666 imperium,
1323 2590 1434 2663 ejus
1483 2590 1517 2642 ii
1567 2609 1655 2643 ea-

169 2688 291 2742 dem
320 2709 426 2759 qua
463 2708 559 2743 nos
607 2708 767 2742 causa
807 2708 905 2761 pro
942 2698 1061 2742 rata
1104 2689 1398 2742 habeantur
1441 2685 1656 2756 partiei-

166 2803 293 2857 peS,
332 2802 470 2853 quae
502 2784 665 2854 igitur
699 2784 799 2838 sint
832 2786 898 2837 ab
930 2783 990 2837 iis
1023 2792 1311 2855 occupata,
1349 2786 1413 2833 ea
1441 2798 1509 2833 ne
1540 2789 1652 2834 tan·

169 2897 329 2948 quam
361 2897 529 2932 vacua
555 2878 790 2950 arripere
828 2878 1057 2933 velimus.
1094 2909 1164 2918 --
1205 2877 1345 2932 Hinc
1388 2873 1655 2945 quomodo
