1698 3084
721 101 800 112 r...
892 72 1119 126 60..-

180 231 287 270 non
335 216 528 289 poterit
574 221 804 280 tantum,
856 230 1038 268 verum
1095 212 1309 271 debebit
1359 218 1661 272 necessario

177 311 365 382 quaeri
429 310 499 362 de
545 311 763 383 singulis
825 308 1111 364 mentiendi
1179 313 1423 385 exemplis
1487 314 1660 367 ethice

181 405 549 471 aestimandis,
588 406 696 460 aliis
735 403 1169 477 comprobandiS,
1219 405 1327 459 aliis
1363 408 1659 478 vituperan-

181 498 277 554 dis.
311 531 381 539 -—-
440 501 662 567 Restat,
715 511 774 556 ut
824 517 1163 563 moneamuS,
1223 499 1366 570 quod
1422 500 1474 552 in
1533 500 1657 571 ipsis

176 593 551 667 disquisitionis
637 596 790 650 initiis
867 591 1233 649 vindicandam
1302 593 1656 664 putaverimus

176 686 317 741 hanc
363 689 472 743 sive
515 690 731 744 Abrami
769 690 874 744 sive
925 697 1161 743 nostram
1196 685 1266 740 de
1303 686 1477 742 ethica
1512 705 1658 740 men-

176 779 315 833 dacii
377 783 741 838 aestimatione
806 780 1097 854 quaerendi
1159 781 1465 846 formulam,
1533 780 1658 835 ideo

175 893 295 929 esse
353 876 579 944 factum,
638 897 705 932 ne
766 879 880 952 quis
938 881 1077 936 forte
1129 885 1335 951 speret,
1395 876 1542 941 fore,
1599 884 1660 930 ut

172 971 399 1043 primum
453 973 523 1027 de
558 974 835 1028 mendacio
896 974 1087 1028 deinde
1136 973 1204 1026 de
1239 970 1525 1025 mendaciis
1563 988 1657 1022 ne-

171 1067 421 1123 cessitate
481 1069 699 1123 extortis
765 1088 1016 1141 agamus,
1078 1078 1137 1121 ut
1200 1066 1362 1120 allatis
1410 1064 1654 1137 primum,

170 1178 268 1212 cur
294 1161 630 1216 mendacium
664 1173 820 1236 turpe
844 1165 925 1230 sit,
957 1163 1273 1224 rationibus,
1312 1158 1434 1211 dein
1463 1176 1654 1210 eruere

166 1252 525 1323 instituamus,
578 1276 752 1311 nonne
799 1268 973 1312 tamen
1011 1258 1145 1311 haec
1182 1257 1259 1309 vel
1307 1253 1391 1306 illa
1427 1254 1651 1307 honesta

165 1347 269 1403 sint
318 1350 460 1423 ejus,
522 1370 679 1422 quam
717 1353 876 1406 modo
916 1352 1366 1413 damnaverimus,
1424 1349 1649 1403 notionis

163 1444 430 1516 exempla,
495 1465 670 1500 nonne
721 1458 897 1502 tamen
944 1446 1038 1501 has
1098 1446 1179 1500 vel
1224 1445 1335 1499 illas
1386 1445 1651 1516 patiantur

157 1535 341 1608 leges,
400 1542 589 1614 quibus
652 1543 1020 1615 prohibeatur,
1078 1540 1446 1613 exceptiones;
1515 1540 1650 1593 sciat

157 1649 314 1699 vere,
365 1643 650 1708 utrumque
700 1658 732 1690 a
781 1638 930 1692 nobis
988 1637 1175 1709 (sicuti
1217 1637 1319 1690 fert
1356 1635 1431 1687 rei
1481 1635 1643 1706 ipsius

158 1726 379 1798 natura)
415 1728 487 1783 ita
515 1729 704 1804 jungi,
753 1742 840 1798 ut,
892 1732 1018 1786 dum
1052 1733 1201 1804 leges
1255 1730 1646 1802 circumspicia-

158 1839 302 1887 mus,
359 1824 548 1892 quibus
596 1826 938 1899 prohibeatur
973 1826 1333 1890 mendacium,
1384 1826 1505 1878 hinc
1555 1845 1646 1877 ex-

157 1915 356 1970 clusuri
405 1920 593 1987 simus,
646 1940 993 1995 quaeeunque
1026 1921 1249 1992 regulae
1287 1919 1367 1973 vel
1403 1938 1507 1972 non
1545 1919 1641 1973 nisi

156 2012 470 2079 quibusdam
519 2015 862 2070 adversentur
911 2014 1197 2069 mendaciis
1243 2014 1322 2068 vel
1370 2014 1640 2087 exceptio-

154 2122 247 2157 nes
285 2109 580 2178 patiantur,
638 2112 741 2166 hoc
790 2123 901 2177 est,
952 2129 1140 2183 parum
1186 2119 1472 2163 accuratae
1533 2110 1636 2165 sint

151 2198 296 2272 ejus,
368 2221 527 2273 quam
601 2207 849 2261 cordibus
928 2205 1224 2261 mortalium
1291 2224 1484 2258 numen
1557 2206 1638 2258 in-

147 2294 387 2367 scripsit,
449 2300 582 2372 legis
638 2304 1051 2364 enuntiationes,
1109 2312 1193 2368 et,
1249 2302 1292 2355 si
1340 2301 1509 2354 nullae
1554 2302 1634 2355 in-

146 2401 335 2447 ventae
381 2395 574 2452 fuerint
623 2397 780 2465 aliae,
825 2398 992 2471 ipsam
1043 2398 1306 2452 notionem
1344 2396 1516 2450 ethice
1552 2397 1631 2449 in-

146 2484 416 2544 definitam
471 2492 791 2567 judicaturi,
866 2493 934 2546 de
1000 2492 1218 2564 singulis
1278 2492 1442 2564 igitur
1513 2491 1626 2565 ejus

146 2585 394 2656 exemplis
439 2588 701 2660 sigillatim
739 2589 935 2656 acturi,
972 2589 1051 2644 sin
1088 2588 1473 2662 deprehensum
1512 2588 1627 2641 fue-

141 2676 236 2743 Υἷῐ,
287 2681 370 2733 cui
407 2683 522 2755 ipsa
558 2686 700 2739 notio
738 2694 1032 2759 repugnet,
1081 2693 1451 2758 praeceptum,
1499 2683 1623 2736 iude

143 2774 466 2844 conclusuri,
501 2780 672 2851 turpia
703 2799 851 2847 csse,
891 2799 957 2835 ne
993 2799 1098 2835 uno
1132 2778 1344 2853 quidem
1377 2787 1618 2851 excepto,

140 2885 485 2941 quaecunque
538 2873 746 2930 demum
785 2876 1008 2948 cogitari
1057 2884 1250 2948 queant
1300 2875 1411 2949 ejus
1452 2874 1617 2929 notio-
