1719 3084
704 78 1092 132 *14*

153 223 484 280 mendacium
517 220 840 293 requiratur,
897 227 956 273 ut
1004 219 1068 272 sit
1116 219 1315 276 dictum
1355 239 1418 275 ex
1462 220 1635 276 animo

154 330 209 373 et
255 317 538 371 intentione
595 313 804 368 dicendi
865 314 1078 379 falsum,
1145 314 1496 387 respondetur
1551 334 1636 368 re-

156 413 323 486 quiri3
371 420 424 466 et
471 409 576 464 hoc
625 419 704 463 est
742 407 886 480 quod
920 409 1073 480 aliqui
1114 407 1334 471 docent,
1375 409 1442 462 ad
1490 429 1637 464 men-

157 509 367 561 dacium
404 505 625 577 requiri,
664 514 723 557 ut
771 504 836 557 sit
887 502 1082 557 dic-tum
1123 523 1185 556 cx
1222 504 1506 557 intentione
1544 504 1638 557 fal-

157 602 296 657 lendi
345 601 668 655 audientem:
718 615 839 650 nam
893 597 1015 651 nihil
1069 597 1210 650 aliud
1257 597 1497 652 videntur
1545 597 1640 652 do-

159 716 312 762 cere,
369 714 526 766 quam
575 690 908 745 mendacium
956 711 1073 745 esse
1117 690 1315 746 dic-tum
1364 711 1428 745 ex
1474 693 1642 747 inten-

156 793 301 847 tione
339 786 549 842 dicendi
586 786 799 840 falsum''
839 796 939 840 cet.
1027 787 1132 847 Qui
1168 806 1348 840 omnes
1387 787 1511 859 quid
1548 787 1644 841 sibi

158 887 315 940 velint
353 903 474 937 cum
507 882 618 936 istis
656 881 904 952 argutiis,
961 879 1175 934 difficile
1223 891 1303 937 est
1337 882 1644 953 intelligere.

160 980 242 1035 Ad
274 981 436 1032 verba
471 977 608 1030 enim
645 977 688 1030 si
724 975 1047 1047 1·espexeriS‚
1098 975 1286 1047 quibus
1332 975 1488 1048 (satis
1526 978 1647 1028 bre-

159 1076 292 1129 viter
326 1074 563 1146 plerique
599 1081 654 1125 et
689 1068 946 1142 obscure)
984 1069 1122 1123 hanc
1158 1069 1451 1125 doctrinam
1484 1069 1649 1125 tradi-

163 1169 384 1234 derunt,
421 1166 545 1220 inde
576 1185 694 1219 eam
730 1175 898 1219 ortam
931 1183 1049 1217 esse
1081 1166 1321 1236 putabis,
1361 1164 1507 1239 quod
1538 1174 1648 1220 tro-

161 1284 289 1337 pos,
348 1262 638 1334 apologOS,
699 1258 1016 1333 hyperbolas
1068 1268 1166 1313 cet.
1238 1260 1371 1314 salsa
1438 1259 1649 1314 dicendi

155 1358 505 1432 judicaverint
548 1355 813 1427 exempla,
869 1373 1037 1425 eaque
1074 1355 1273 1421 omnia,
1331 1375 1650 1428 quamquam

166 1451 457 1505 desiderari
514 1451 567 1503 in
615 1451 675 1504 iis
730 1449 1081 1519 intelligerent
1141 1448 1350 1503 fallendi
1403 1451 1648 1517 animum,

164 1545 451 1602 mendaciis
517 1544 773 1599 voluerint
839 1561 1201 1597 annumerare.
1306 1545 1375 1600 At
1429 1545 1647 1618 impedi-

167 1650 344 1696 mento
387 1648 498 1706 est,
558 1639 703 1711 quod
751 1658 816 1692 ea
853 1638 960 1693 aliis
1007 1638 1059 1691 in
1104 1639 1231 1693 locis
1280 1658 1311 1691 e
1345 1641 1649 1695 mendacio-

167 1756 287 1791 rum
324 1753 543 1788 numero
593 1733 799 1788 disertis
850 1735 1020 1788 verbis
1071 1733 1353 1788 excludunt
1375 1734 1480 1806 m).
1555 1736 1651 1790 Sin

171 1831 302 1886 salsa
357 1829 536 1883 dicere
593 1847 697 1881 non
746 1829 1045 1901 simpliciter
1092 1828 1485 1901 intelligendum
1534 1851 1652 1885 esse

173 1926 417 1982 statueris
476 1923 545 1977 de
592 1923 774 1996 quovis
834 1925 1024 1991 ess'at0‚
1084 1922 1229 1996 quod
1288 1923 1474 1979 falsum
1532 1945 1652 1980 esse

172 2148 237 2204 m)
272 2147 441 2189 Cfratur
471 2141 722 2184 Thomae
752 2139 950 2195 Aquin.
982 2139 1306 2180 commentarius
1349 2139 1390 2180 in
1431 2139 1523 2182 LL.
1570 2141 1651 2183 SS.

233 2225 258 2264 l.
292 2222 368 2262 Ill.
401 2218 497 2259 dist.
528 2220 598 2257 38.
633 2229 701 2269 qu.
736 2218 773 2256 1.
806 2219 882 2255 art.
915 2217 969 2254 3:
1015 2213 1107 2266 „sic
1144 2226 1229 2254 non
1259 2215 1466 2267 contingit
1508 2215 1549 2255 in
1591 2216 1655 2256 eis

234 2294 400 2348 (verbis
429 2304 574 2332 sacrae
605 2286 863 2344 scripturae)
894 2287 1184 2339 mendacium,
1216 2288 1314 2341 quia
1345 2288 1387 2328 in
1418 2288 1654 2341 figurativis

232 2365 517 2410 locutionibus
549 2377 632 2405 non
663 2368 728 2404 est
757 2373 904 2403 sensus
931 2361 1184 2413 verborum,
1231 2374 1357 2414 quem
1401 2362 1536 2416 primo
1578 2361 1654 2403 ad-

235 2446 385 2497 spectu
424 2438 607 2490 faciunt,
640 2436 715 2478 sed
760 2448 887 2488 quem
917 2434 1137 2489 proferens
1172 2434 1250 2475 sub
1298 2435 1373 2475 tali
1417 2435 1543 2477 modo
1587 2436 1652 2476 lo-

234 2515 391 2569 quendi
422 2513 562 2553 facere
593 2508 813 2552 intendit.'⁷
884 2508 1049 2549 Similia
1081 2507 1237 2549 liabent
1276 2508 1387 2550 inter
1417 2508 1651 2550 Scholasti-

235 2602 309 2630 cos
347 2587 456 2628 hand
487 2585 639 2640 pauci,
688 2584 840 2638 quibus
871 2583 1119 2636 plerumque
1151 2582 1380 2623 abutuntur
1428 2582 1468 2622 in
1519 2595 1651 2623 excu-

235 2661 376 2703 sandis
422 2673 498 2700 seu
540 2659 680 2714 potius
723 2656 930 2710 negandis
974 2656 1100 2697 etiam
1130 2655 1363 2696 manifestis
1392 2655 1654 2708 patriarcha-

237 2747 329 2776 rum
373 2738 414 2775 et
459 2737 700 2774 sanctorum
746 2730 989 2773 mendaciis.
1038 2753 1094 2759 —
1157 2728 1421 2769 Conferenda
1470 2742 1653 2781 qnoque,

237 2821 345 2860 quae
379 2806 455 2848 hac
486 2806 540 2848 de
573 2819 619 2847 re
650 2804 776 2848 habet
807 2804 924 2849 Nic.
956 2803 1153 2845 Abram
1188 2802 1228 2843 in
1267 2814 1398 2857 opere
1429 2815 1558 2855 supra
1591 2802 1652 2843 ci-

175 2871 180 2875 *
239 2886 329 2923 tato
361 2882 384 2922 1.
416 2880 448 2922 Ι.
480 2893 515 2922 c.
551 2884 619 2922 15.
