1719 3084
585 93 969 145 ...49-

24 237 103 290 sin
140 233 492 289 definitionem
528 231 664 287 illam
701 231 770 286 de
805 232 1061 307 ejusmodi
1107 236 1511 302 intellexerimus

25 328 356 400 falsiloquiis,
406 347 543 400 quae
577 326 872 399 perniciosa
909 346 1026 381 esse
1064 329 1241 386 futura
1292 345 1382 390 aut
1421 356 1514 391 au-

21 432 109 477 tor
153 421 468 493 praeviderit
505 431 596 476 aut
631 421 712 474 alii
750 421 1013 487 homines,
1053 424 1197 489 fore,
1243 436 1301 481 ut
1349 448 1518 484 novae

26 516 291 582 oriantur,
345 535 518 588 neque
553 534 649 568 eae
686 514 933 580 leviores,
987 515 1337 574 difficultates.
1410 522 1517 576 Ad-

29 610 188 665 missa
226 610 418 666 etenim
459 609 638 681 priore
675 607 1049 679 explicatione,
1104 613 1373 683 sequitur,
1424 635 1518 670 ne-

26 704 222 759 minem
266 703 527 758 mendacii
578 703 814 757 convinci
848 722 1036 774 posse,
1089 705 1249 761 debet
1301 710 1514 782 quippe,

31 798 160 870 quid
221 800 442 870 quisque
500 796 843 869 praeviderit,
904 796 1030 851 alios
1088 818 1270 855 omnes
1323 803 1517 872 latere;

28 890 218 964 quodsi
254 891 603 963 posteriorem
631 890 934 955 admiseris,
975 892 1376 952 concedendum
1404 900 1517 965 erit,

25 1005 188 1058 posse
223 986 365 1050 fieri,
421 994 507 1048 ut,
566 984 654 1055 qui
688 984 994 1050 mentiatur,
1044 986 1184 1041 idem
1220 1011 1279 1044 se
1313 996 1520 1048 mentiri

27 1080 266 1135 nesciat:
338 1095 563 1150 quorum
617 1086 901 1148 utrumque
963 1089 1045 1133 est
1092 1085 1371 1140 manifesto
1421 1088 1514 1142 fal-

32 1192 164 1229 sum.
239 1173 393 1235 Quae
429 1188 591 1243 quum
626 1170 699 1225 ita
737 1169 866 1237 sint,
901 1189 1006 1225 non
1043 1193 1356 1245 possumus,
1394 1182 1518 1251 quin

27 1267 143 1323 sine
177 1266 369 1321 idonea
403 1268 606 1321 ratione
655 1264 812 1339 adjici
862 1273 1151 1323 statuamus
1201 1272 1255 1325 in
1301 1275 1520 1330 menda-

31 1362 115 1415 cio
152 1359 452 1415 definiendo
499 1361 637 1414 illam
686 1357 1070 1428 conditionem,
1128 1374 1188 1420 ut
1222 1369 1389 1438 possit
1425 1387 1521 1420 no-

27 1473 182 1521 cere,
245 1452 638 1518 eliminandam,
688 1452 731 1506 si
779 1472 988 1529 veram·
1008 1457 1253 1530 amplecti
1305 1462 1520 1519 velimus

28 1556 191 1621 atque
227 1566 495 1622 exponere
530 1545 792 1601 mendacii
821 1548 1106 1606 notionem.

691 1712 854 1788 §a

175 1830 439 1888 Absolutis
476 1830 875 1904 quaestionibus
916 1834 984 1889 de
1007 1836 1226 1909 singulis
1262 1840 1525 1897 mendacii

31 1926 170 1982 notis
185 1967 200 1993 ‚
238 1935 432 1992 restat,
468 1935 554 1992 ut,
593 1927 758 1999 qualis
793 1927 918 1982 inde
957 1930 1099 1984 exire
1130 1932 1324 1989 debeat
1358 1937 1520 2007 ipsius

26 2021 254 2076 notionis
305 2019 565 2088 definitio,
614 2022 799 2093 paucis
849 2024 1203 2080 ostendamus.
1288 2028 1391 2082 Est
1422 2030 1524 2100 igi-

28 2126 118 2172 tur
186 2115 520 2170 mendacium
600 2116 1052 2187 significatio
1133 2120 1525 2193 subjective

27 2210 218 2265 falsa
254 2208 323 2282 (ξ
345 2208 412 2281 4)
468 2227 779 2264 sermone
816 2212 1002 2267 facta
1054 2211 1122 2286 (ἕ
1143 2214 1208 2284 3)
1247 2234 1391 2268 cum
1435 2216 1524 2269 in-

23 2305 348 2359 tentione
396 2303 692 2359 fallendi
745 2303 813 2378 (§
834 2305 900 2377 2)
938 2307 1049 2374 vel,
1104 2317 1165 2361 ut
1210 2308 1351 2360 idem
1403 2310 1524 2363 bre-

33 2397 147 2454 vius
171 2397 434 2465 dicatum,
472 2399 786 2454 assertio
814 2400 1206 2473 subjective
1242 2401 1429 2469 falsa,
1454 2434 1525 2446 —-

30 2492 334 2549 assertionis
382 2492 577 2565 quippe
629 2512 692 2547 ea
744 2503 824 2547 est
858 2503 1078 2560 natura,
1136 2505 1195 2549 ut
1229 2505 1283 2550 et
1316 2497 1368 2550 in
1412 2517 1523 2553 ser-

26 2604 187 2642 mone
240 2596 476 2641 versetur
524 2605 744 2641 necesse
780 2587 875 2652 sit,
933 2597 986 2641 et
1020 2588 1268 2660 quicquid
1319 2610 1521 2648 assera-

27 2697 162 2747 mus,
181 2678 322 2734 idem
334 2680 442 2734 aliis
455 2679 764 2754 persuaderi
783 2681 996 2737 velimus
1017 2680 1086 2756 (S
1099 2685 1135 2736 2
1152 2702 1278 2756 pag.
1297 2685 1429 2755 15.).
1452 2717 1525 2731 --

21 2772 105 2827 Ad
154 2773 293 2828 hanc
351 2783 529 2830 autem
586 2773 946 2830 definitionem
1006 2785 1096 2831 aut
1155 2779 1524 2851 explicandam

25 2875 118 2920 aut
157 2868 222 2921 ab
264 2869 644 2940 objectionibus
681 2868 1046 2927 vindicandam
1091 2871 1210 2927 nihil
1247 2893 1379 2945 opus
1408 2894 1524 2928 csse

1096 2967 1128 3017 4
