1698 3084
564 77 953 138 &83⁷-

27 221 170 275 tione
221 217 452 290 graviter
511 228 832 285 commotuS‚
903 217 1027 272 dum
1086 235 1205 272 eam
1256 222 1507 274 coercere

30 321 281 378 conetur,
331 314 473 383 prius
537 325 753 376 externa
803 313 912 382 ejus
962 311 1184 382 vestigia
1243 331 1401 382 quam
1452 315 1505 366 in

26 405 254 457 animum
291 406 582 462 efficaciam
620 405 892 472 deleverit,
941 404 1229 478 solitaeque
1264 406 1504 461 redditus

27 497 266 552 videatur
304 499 458 553 animi
507 500 892 570 tranquillitati,
943 499 1175 572 quamvis
1229 500 1281 552 in
1319 518 1384 552 ea
1420 518 1503 552 re-

24 591 291 647 stituenda
343 593 518 648 adhuc
565 595 783 649 laboret.
856 594 1046 666 Neque
1096 612 1220 647 vero
1276 594 1505 667 objicere

26 683 233 751 licebit,
269 695 484 742 neutros
523 707 736 754 eorum,
789 707 920 760 quos
967 687 1504 752 commemoi⁴avimuS‚

24 778 293 833 hominum
332 779 387 833 id
424 799 618 852 agere,
673 791 733 836 ut
781 782 890 835 aliis
943 780 1073 834 salsa
1121 779 1504 853 persuadeant;

23 890 128 926 non
165 872 384 928 diximus
421 875 585 939 enim,
642 894 733 928 eos
772 874 968 939 fallere,
1010 871 1108 927 sed
1144 893 1402 947 peccare,
1439 875 1507 927 si-

23 967 265 1039 quidem,
317 986 454 1036 quae
510 966 718 1020 fallendi
771 968 1057 1021 constituat
1109 968 1507 1039 turpitudinem,

25 1060 79 1113 in
114 1060 174 1113 iis
213 1079 425 1131 quoque
474 1058 904 1132 deprehendatur
955 1059 1312 1131 discrepantia
1350 1070 1515 1132 atque

24 1152 387 1224 inaequalitas.
462 1153 643 1213 Quare
689 1172 753 1205 eo
795 1151 1078 1207 deducitur
1116 1171 1277 1206 causa
1313 1173 1513 1221 eorum,

26 1246 119 1318 qui
154 1246 278 1300 hinc
329 1244 619 1301 derivatam
656 1246 835 1302 volunt
870 1245 1249 1319 turpitudinem
1289 1247 1515 1317 fallendi,

28 1349 120 1406 ut,
172 1343 215 1395 si
256 1332 619 1396 damnaverint
661 1341 895 1396 actiones
934 1359 965 1392 a
1003 1340 1151 1393 nobis
1194 1359 1512 1398 commemo-

25 1444 196 1499 rataS,
237 1455 342 1489 non
381 1435 500 1488 dico
539 1435 715 1488 sensui
751 1434 1041 1499 communi,
1095 1433 1192 1488 sed
1225 1434 1327 1507 ipsi
1376 1438 1509 1491 veri-

26 1528 121 1582 tati
181 1527 372 1580 bellum
422 1525 670 1581 indixisse
726 1525 1025 1592 videantur,
1083 1528 1162 1582 sin
1213 1547 1245 1581 e
1289 1548 1509 1586 numero

23 1622 247 1694 turpiter
295 1622 557 1676 factorum
604 1620 915 1686 exemerint,
966 1620 1264 1676 concedere
1311 1644 1510 1696 cogan-

25 1727 142 1781 tur,
180 1734 286 1769 non
324 1733 482 1787 posse
515 1714 569 1767 in
603 1714 702 1768 ista
743 1714 963 1768 hominis
1001 1716 1201 1770 externi
1237 1726 1396 1789 atque
1430 1721 1507 1774 in-

11 1802 161 1866 terni
222 1808 571 1880 discrepantia
621 1808 786 1862 latere
847 1808 1134 1876 rationem,
1185 1829 1281 1866 cur
1331 1813 1508 1869 fallere

21 1914 272 1961 vetemur.
309 1934 379 1944 ——
427 1901 516 1957 De
567 1902 646 1957 his
697 1901 862 1973 igitur
914 1902 1056 1957 satis.

664 2147 705 2224 g
776 2152 860 2206 11.

165 2292 284 2345 Jam
335 2309 457 2346 vero
497 2310 782 2366 parumper
829 2288 1221 2346 subsistendum
1271 2292 1397 2359 erit,
1432 2303 1507 2361 ut,

26 2385 152 2459 quid
187 2405 284 2458 per
342 2386 598 2442 hactenus
639 2386 905 2459 disputata
941 2385 1083 2438 circa
1117 2387 1510 2443 monstrandam

25 2478 236 2533 fallendi
291 2480 669 2551 turpitudinem
728 2480 879 2534 nobis
938 2464 1179 2533 videatur
1242 2481 1510 2545 effectum,

4 2573 206 2645 {paucis
266 2573 622 2628 ostendamus.
657 2603 728 2612 —
796 2573 1038 2637 Etenim,
1104 2590 1242 2642 quae
1303 2574 1505 2647 reliqua

25 2687 143 2722 esse
177 2666 417 2722 videntur
455 2666 704 2720 adversus
743 2664 1023 2718 fallendum
1060 2677 1401 2737 argumenta,
1429 2689 1508 2735 ea,

26 2762 272 2833 quoniam
310 2782 373 2816 ex
409 2760 687 2814 violatione
715 2758 848 2833 juris
884 2778 1096 2826 eorum,
1137 2760 1223 2832 qui
1247 2760 1508 2828 falluntur,

26 2854 262 2911 derivata
315 2864 464 2921 sunt,
525 2874 587 2907 ex
642 2854 855 2908 notione
902 2863 1078 2908 autem
1129 2853 1336 2909 fallendi
1386 2854 1506 2907 nihil

10 2924 15 3084 ι
