1698 3084
708 85 1102 138 -128-

167 249 328 304 supra
364 248 470 283 non
508 228 604 282 nisi
640 226 981 303 hypothetice
1017 241 1281 298 exponere
1314 223 1491 293 licuit,
1545 228 1661 283 uni-

167 324 372 380 versale
426 320 495 375 de
530 323 785 378 sermonis
828 319 1042 376 fallaciis
1078 317 1366 393 judicium,
1414 311 1659 395 turpes

166 438 352 484 esse,
434 433 890 488 quaecunque
950 416 1014 469 in
1081 414 1433 485 cogitatis
1515 436 1660 472 cum

165 514 324 569 aliis
380 509 981 565 communicandis
1035 517 1409 561 versentur
1463 510 1659 565 falla-

167 610 356 673 ciae,
414 607 610 678 quippe
651 623 789 677 qnae
827 604 967 657 hanc
1017 603 1465 670 communionem,
1523 624 1660 677 quae

162 701 363 759 tuenda
415 701 484 755 sit
535 699 686 754 nobis
741 708 901 771 atque
967 695 1222 763 fovenda,
1291 697 1404 751 sine
1466 698 1660 756 idonea

163 817 353 863 causa,
405 793 573 868 qualis
614 793 752 848 nulla
799 792 996 867 possit,
1048 801 1108 847 ut
1145 790 1305 846 modo
1348 794 1655 849 monstravi-

158 913 306 959 πως,
360 891 618 956 existere,
673 888 962 963 impediant
1007 896 1166 960 atque
1215 885 1510 955 debilitent3
1556 888 1654 943 du-

158 987 280 1063 plic-i
337 994 515 1040 autem
569 984 896 1058 turpitudine
949 1001 1038 1036 eas
1097 981 1295 1055 premi,
1360 982 1413 1036 in
1467 985 1657 1057 quibus

156 1087 330 1158 ipsum
367 1077 580 1136 fallendi
619 1080 891 1133 consiiium
929 1078 994 1132 sit
1028 1077 1465 1150 improbandum,
1514 1079 1565 1134 h.
1605 1099 1651 1136 e.

157 1198 296 1252 quae
333 1176 586 1233 adversus
623 1173 826 1228 ratione
864 1181 1072 1228 utentes
1111 1172 1473 1229 adhibeantur.

737 1312 790 1367 N
829 1314 879 1366 O
918 1314 971 1367 T
1008 1315 1068 1369 A.

297 1415 456 1470 Licet
490 1412 544 1466 in
581 1407 831 1465 solvenda
867 1409 1046 1480 priore
1092 1410 1261 1464 hacce
1296 1407 1438 1463 circa
1483 1411 1650 1483 turpi-

152 1512 392 1576 tudinem
439 1524 620 1562 earum
667 1513 938 1569 notarum,
990 1504 1180 1574 quibus
1222 1524 1255 1557 a
1291 1504 1515 1561 caeteris
1552 1505 1647 1560 fal-

149 1608 295 1665 laciis
347 1601 682 1661 mendacium
732 1597 1101 1670 distinguitur,
1151 1599 1486 1670 quaestione,
1539 1619 1646 1656 non

149 1703 346 1760 fuerint
393 1695 544 1753 nobis
595 1694 776 1769 (cujus
812 1693 889 1747 rei
925 1713 1139 1748 causam
1188 1712 1350 1766 supra
1398 1696 1644 1770 exposui-

148 1818 265 1854 mus
299 1796 358 1868 s)
396 1794 616 1847 aliorum
651 1791 754 1844 hae
787 1788 855 1842 de
891 1808 951 1843 re
988 1790 1279 1844 sententiae
1313 1789 1641 1859 tractandae,

150 1902 206 1948 at
245 1886 554 1962 excipienda
602 1895 781 1940 tamen
836 1886 936 1939 erit
978 1885 1270 1958 paucisque
1317 1902 1639 1941 commemo-

146 1986 317 2043 randa
353 2002 538 2037 eorum
577 1979 846 2040 doctrina,
885 1979 971 2050 qui
1008 1989 1167 2051 pacto
1205 1979 1436 2051 quodam
1471 1982 1637 2037 tacito

143 2084 382 2140 homines
434 2074 695 2146 obstringi
745 2082 962 2126 censent
1020 2071 1089 2125 ad
1151 2071 1306 2144 signa
1358 2074 1636 2129 arbitraria

139 2179 217 2235 ita
253 2171 584 2238 adhibenda,
639 2179 699 2224 ut
733 2167 840 2221 aiiis
879 2165 1003 2220 inde
1036 2186 1212 2220 veram
1249 2176 1409 2241 atque
1444 2170 1633 2241 genui-

142 2293 265 2329 nam
333 2287 520 2324 eorum
587 2264 887 2341 perspicere
958 2262 1113 2317 liceat
1177 2262 1489 2318 sententiam
1534 2262 1630 2337 g).

486 2372 670 2378 .‚—..-⁴--j
675 2372 680 2374 -
686 2371 718 2375 -u
724 2367 875 2376 .-m-...n-

124 2420 189 2480 f)
221 2421 331 2473 514.
359 2418 431 2460 sm.
463 2413 551 2456 Cfr.
583 2415 609 2466 ς
630 2416 657 2453 3
694 2412 765 2453 fin.

136 2503 191 2562 g)
222 2495 587 2546 Puffendors
612 2495 667 2536 de
697 2493 737 2535 J.
770 2491 825 2535 N.
858 2496 902 2534 et
935 2491 990 2533 G.
1023 2489 1050 2532 l.
1074 2489 1148 2532 lv.
1182 2493 1277 2532 c.1.
1310 2492 1409 2544 §52
1481 2491 1626 2534 “Cae-

197 2585 337 2622 terum
368 2577 429 2619 uti
460 2573 602 2616 omnia
633 2571 784 2624 signa,
815 2567 1008 2624 exceptis
1039 2565 1328 2618 naturalibus,
1359 2578 1450 2608 rem
1464 2572 1626 2611 certam

192 2658 342 2697 notant
374 2665 429 2694 ex
472 2648 769 2704 impositione,
811 2646 873 2687 ita
915 2642 1095 2686 eandem
1134 2642 1446 2697 impositionem
1486 2645 1623 2686 comi-
1697 2639 1698 2642 ’

193 2736 308 2772 tatur
353 2728 482 2770 tacita
522 2724 729 2779 quaedam
770 2727 844 2765 aut
891 2733 1096 2776 expressa
1151 2719 1401 2770 conventio,
1449 2724 1622 2766 συνθηκη,

191 2810 372 2856 &mamm
401 2809 446 2847 et
474 2806 646 2861 pactum
677 2804 758 2844 cet.
821 2797 1002 2842 Wolff
1023 2793 1269 2853 Philosoph.
1301 2794 1472 2838 moralis
1500 2795 1617 2838 Part.

188 2883 242 2927 v.
271 2884 298 2937 ς
320 2883 420 2924 543.
