1735 3116
696 112 1079 165 ...2-

146 251 379 306 racitatis
416 249 614 305 nitatur
644 251 893 316 officium,
932 252 1186 306 sermonis
1225 268 1351 306 usus
1390 248 1509 320 regi
1537 247 1633 301 de-

150 348 307 411 beat,
358 344 676 399 inveniendis
718 356 875 419 atque
913 345 1236 417 exponendis
1273 345 1425 399 unice
1462 363 1638 397 versa-

152 448 348 494 rentur.
387 468 457 477 —-
533 440 689 500 Quae
725 459 812 495 res
849 441 1001 495 sicuti
1040 440 1246 495 confert
1279 439 1347 492 ad
1377 439 1636 510 explican-

157 532 313 597 dum,
368 532 509 585 unde
550 544 798 588 aeternae
845 535 962 588 illae
1006 535 1056 587 in
1094 534 1211 587 loco
1261 533 1329 586 de
1362 532 1638 587 mendacio

156 627 272 681 lites
316 636 474 699 atque
512 626 888 693 dissensiones,
943 629 1016 682 ita
1054 647 1177 681 vero
1217 646 1431 699 sperare
1467 630 1638 702 jubet,

160 721 204 774 si
240 721 387 792 quis,
442 739 579 790 quae
615 731 736 776 sunt
775 724 841 775 ab
879 723 1308 793 ingeniosissimis
1347 731 1505 793 atque
1541 721 1636 774 do-

159 814 400 868 ctissimis
439 814 668 868 oninium
705 824 1001 890 temporum
1036 819 1156 871 viris
1195 817 1263 871 de
1296 825 1525 888 utroque
1553 816 1637 868 illo

161 908 480 980 quaestionis
503 908 572 962 de
602 911 878 965 mendacio
906 911 1160 967 elemento
1191 912 1457 984 disputata
1480 920 1639 982 atque

163 1001 389 1068 tradita,
429 1002 709 1075 diligenter
761 1008 1072 1078 cognoverit
1134 1017 1187 1061 et
1235 1007 1372 1060 inter
1418 1025 1476 1059 se
1514 1024 1638 1057 con-

161 1097 368 1162 tulerit,
424 1096 504 1151 his
550 1119 712 1172 porro
762 1102 959 1156 auxiliis
1009 1102 1305 1156 sublevatus
1342 1096 1639 1154 universam

165 1191 528 1263 quaestionem
563 1197 954 1263 retractaverit,
1010 1198 1156 1263 fore,
1204 1207 1263 1251 ut
1314 1196 1383 1250 ad
1432 1195 1641 1268 plenam

163 1287 242 1339 rei
278 1287 547 1342 veritatem
594 1291 839 1363 propiuS‚
899 1311 1057 1364 quarn
1109 1293 1385 1364 hucusque
1441 1291 1641 1344 factum

166 1381 258 1448 sit,
296 1382 597 1438 accedatur.
631 1414 701 1425 —
772 1387 898 1439 Hac
931 1387 1096 1458 igitur
1130 1407 1224 1459 spe
1262 1387 1456 1451 erecti,
1492 1384 1641 1438 simul

165 1494 291 1530 vero
329 1477 547 1531 aliorum
579 1496 788 1544 errore,
828 1480 978 1534 nobis
1014 1489 1074 1535 ut
1111 1498 1407 1545 caveamus,
1443 1477 1641 1541 moniti,

166 1570 234 1623 ad
284 1571 644 1642 quaestionem
698 1582 931 1629 nostram
976 1576 1307 1631 transibimus
1361 1593 1641 1647 capessen-

168 1665 321 1731 dam,
374 1666 428 1719 in
463 1686 567 1738 qua
604 1688 709 1740 quo
761 1667 945 1723 ordine
996 1668 1067 1724 ad
1103 1671 1312 1742 singula
1347 1669 1641 1743 proceden-

169 1760 294 1813 dum
323 1759 650 1833 judicemus,
696 1763 777 1816 vix
813 1783 947 1836 opus
987 1774 1094 1828 est,
1146 1774 1205 1820 ut
1246 1764 1532 1820 doceamus
1567 1764 1639 1817 le-

170 1865 371 1921 oteres,
420 1857 615 1929 quippe
664 1877 826 1930 quum
875 1878 940 1913 ex
974 1858 1133 1913 modo
1176 1859 1325 1915 dictis
1363 1860 1639 1915 manifesto

168 1960 444 2022 sequatur,
491 1953 639 2006 nobis
671 1953 939 2026 judicibus
987 1954 1194 2009 duobus
1233 1955 1488 2027 capitibus
1524 1972 1637 2006 rem

171 2046 392 2113 absolvi,
448 2067 671 2119 quorum
719 2051 861 2120 prius
898 2050 948 2102 in
987 2052 1197 2105 notione
1233 2049 1487 2104 mendacii
1524 2065 1639 2101 vei·-

169 2150 313 2195 setur
356 2142 735 2199 constituenda.
777 2146 1037 2215 posterius
1073 2146 1139 2201 sit
1178 2144 1244 2198 de
1278 2143 1537 2200 mendacii
1572 2141 1640 2196 ad

169 2233 316 2308 leges
356 2239 704 2294 conscientiae
739 2239 1002 2295 relatione.
