1735 3116
532 653 605 727 G
622 657 697 734 A
715 655 972 734 PUT
1056 660 1127 733 1.

339 803 442 858 DE
514 805 858 863 ΝοΤΙοΝΕ
929 808 1308 864 MENDACII.

745 966 905 1041 §1-

234 1106 549 1180 Priusquam
586 1110 655 1164 ad
691 1111 1052 1184 quaestionem
1103 1113 1208 1167 hoc
1255 1111 1425 1184 capite
1457 1121 1566 1166 tra-

94 1200 338 1254 ctandam
369 1204 714 1271 accedamus,
768 1225 837 1259 ne
885 1205 954 1260 de
997 1208 1168 1260 verbis
1207 1215 1396 1278 postea
1431 1203 1569 1258 diffi-

94 1294 312 1350 cultates
348 1299 612 1365 oriantur,
661 1299 981 1355 monendum
1030 1302 1155 1368 erit,
1206 1298 1570 1364 distinctioniS,

69 1409 252 1459 ‚quam
288 1412 659 1466 nonnunquam
695 1394 890 1448 factam
925 1415 1044 1450 esse
1077 1401 1311 1459 constat,
1362 1392 1571 1446 mentiri

89 1482 226 1536 inter
262 1495 315 1538 et
350 1487 679 1541 mendacium
715 1487 921 1554 dicere,
961 1509 1025 1543 ex
1063 1509 1166 1560 qua
1201 1488 1306 1540 hoc
1338 1486 1462 1539 nihil
1504 1486 1570 1540 sit

90 1577 231 1631 aliud
279 1598 435 1650 quam
483 1583 590 1636 sive
637 1582 890 1636 scientem
938 1583 1046 1635 sive
1081 1581 1402 1635 nescientem
1439 1579 1571 1633 falsa

89 1672 357 1743 proferre,
390 1675 580 1729 nullam
615 1696 646 1730 a
680 1676 829 1730 nobis
862 1677 915 1728 in
950 1676 1294 1747 sequentibus
1331 1673 1570 1726 habitum

89 1767 153 1819 iri
210 1769 466 1824 rationem
500 1770 596 1841 a),
665 1790 822 1843 quam
891 1789 1018 1823 vero
1093 1777 1384 1841 posuerunt
1450 1776 1571 1839 post

90 1860 454 1917 Lombardum
501 1865 731 1918 nonnulli
777 1864 1045 1936 regulam,
1092 1871 1152 1917 ut
1198 1860 1267 1914 ad
1312 1862 1568 1915 mentien-

93 1954 220 2010 dum
284 1958 513 2013 formalis
582 1960 855 2014 sufficeret
924 1958 1144 2020 falsitaS‚
1221 1954 1291 2008 ad
1351 1954 1569 2009 menda-

93 2051 231 2104 cium
288 2072 412 2106 vero
485 2055 763 2109 materialis
824 2052 1124 2106 necessario
1192 2049 1568 2121 requireretur,

93 2166 211 2200 eam
245 2147 401 2200 nihilo
449 2151 621 2221 magis
667 2148 1053 2222 respiciendam
1101 2146 1250 2200 nobis
1291 2143 1458 2198 videri
1488 2141 1567 2213 b).

91 2383 144 2439 a)
190 2386 277 2428 Csr.
310 2390 494 2433 Gellii
533 2393 694 2436 Noctes
725 2392 853 2435 Attic.
885 2389 972 2442 XI,
1006 2391 1074 2429 11.
1132 2384 1320 2427 Lamb.
1351 2381 1570 2424 Danaei

145 2457 286 2501 Ethic.
321 2462 475 2506 Christ.
520 2466 744 2519 (Genevae
775 2468 902 2507 1601.
945 2462 1010 2516 8.)
1053 2462 1079 2501 l.
1102 2459 1156 2500 11.
1189 2473 1225 2499 c.
1255 2462 1322 2498 16.
1365 2457 1435 2497 sol.
1463 2458 1566 2496 251.

147 2531 494 2579 Hoonnbeek
547 2539 752 2592 Tlieolog.
800 2538 1014 2592 practicae
1062 2530 1311 2586 (ultrajecti
1345 2532 1469 2570 1663.
1502 2527 1567 2582 4.)

148 2605 176 2646 l.
200 2605 276 2647 ΠΙ.
322 2623 357 2650 c.
386 2613 423 2653 1.
464 2626 561 2666 pag.
585 2616 684 2654 276.
777 2613 817 2652 J.
851 2609 1009 2651 Crell
1051 2604 1226 2647 Etliices
1267 2603 1566 2644 Aristotelicae

149 2677 420 2736 (Cosmopoli
452 2689 578 2727 1681.
609 2686 676 2740 8.)
722 2686 838 2726 Part.
865 2683 918 2724 Π.
964 2697 1004 2736 p.
1029 2684 1126 2722 168.
1198 2676 1420 2719 Resutavit
1460 2675 1566 2716 hanc

150 2753 391 2806 opinionem
421 2760 637 2800 Gesnerus
670 2760 712 2800 in
744 2758 964 2800 Thesauro
995 2753 1074 2795 sub
1106 2765 1224 2793 voce.

95 2827 143 2884 b)
185 2835 499 2882 Sententiarum
547 2842 639 2882 ιῑιπῑ
668 2842 741 2884 iv.
804 2837 1088 2893 (Rothomag.
1133 2835 1261 2875 1651.
1308 2830 1374 2884 4.)
1437 2830 1463 2870 1.
1488 2827 1563 2868 m.

151 2905 331 2951 distinet.
365 2916 434 2955 38.
478 2915 516 2955 B
547 2921 590 2955 et
625 2915 671 2956 C.
732 2914 1144 2956 Bonaventura
1185 2907 1225 2947 in
1280 2904 1437 2946 Libros
1486 2903 1566 2941 ss.

1113 2990 1139 3040 1
1183 2987 1203 3010 .
