1719 3084
610 102 994 157 --53.ί

62 246 314 316 spectatis
350 244 486 299 hanc
532 244 700 317 ipsam
736 247 804 299 ob
846 260 1058 297 causam
1095 245 1338 294 neutrum
1377 238 1533 294 liceat

41 336 384 410 praedicare.
458 339 603 400 Quas
643 358 748 410 ego
787 337 1026 411 quidem,
1065 333 1310 407 quoniam
1343 349 1533 384 nomen

63 430 406 487 indifferentis
457 432 802 503 ambiguitate
851 428 1078 503 quadam
1138 427 1343 479 laborat
1398 423 1535 477 nulla

65 523 219 578 facile
256 523 556 580 definitione
588 524 837 580 radicitus
880 520 1135 587 tollenda,
1174 519 1345 573 ethice
1388 516 1535 570 inde-

64 617 235 672 finitas
273 618 542 672 maluerim
580 638 803 687 vocare3
853 616 1006 689 hujus
1044 622 1220 668 autem
1257 612 1402 666 verbi
1439 629 1534 663 no-

63 712 258 763 tionem
304 711 377 767 ita
436 713 735 767 accuratius
788 708 1160 766 constituerim.
1231 705 1426 760 Ethice
1459 705 1537 757 in-

38 803 276 859 definita
325 802 514 858 dicitur
571 805 738 870 acti0,
805 805 874 859 de
927 804 1074 877 cujus
1126 802 1204 856 vel
1263 801 1538 853 honestate

59 897 139 950 vel
189 895 511 969 turpitudine
565 917 628 951 ex
681 898 793 970 ejus
842 898 1053 952 notione
1101 895 1340 949 absolute
1378 902 1536 964 atque

59 1009 154 1062 per
204 1009 263 1044 se
311 989 642 1044 considerata
697 990 987 1044 universale
1037 1007 1140 1041 non
1189 988 1346 1041 liceat
1394 986 1534 1038 ferre

49 1083 337 1156 judicium,
398 1085 642 1155 quoniam
691 1084 826 1138 haec
876 1083 1020 1136 notio
1079 1082 1201 1133 nihil
1254 1080 1534 1142 contineat,

59 1194 156 1230 cur
191 1184 282 1230 aut
319 1174 625 1234 adversetur
675 1178 882 1250 legibus
919 1176 1130 1241 ethicis,
1180 1183 1271 1228 aut
1306 1173 1379 1226 ita
1415 1189 1536 1223 cum

57 1269 132 1323 eis
183 1270 506 1340 consentiat,
567 1282 626 1328 ut
673 1271 986 1328 contrariam
1037 1267 1234 1340 agendi
1280 1266 1537 1319 rationem

56 1361 243 1417 iisdem
280 1362 548 1422 adversari
596 1385 817 1420 necesse
864 1365 929 1420 sit
964 1373 1284 1427 statuamus3
1336 1358 1419 1411 cui
1455 1365 1534 1410 ta-

55 1478 178 1513 men
225 1461 417 1514 actioni
452 1479 558 1514 non
594 1458 729 1513 desit
763 1459 993 1513 ethicum
1037 1463 1390 1515 momentum,
1440 1446 1537 1502 sed

56 1554 129 1607 ita
163 1553 312 1619 insit,
351 1563 411 1608 ut
454 1572 517 1606 ex
549 1551 924 1606 accedentibus
958 1551 1170 1604 demum
1202 1541 1534 1619 quibusdam,

58 1669 164 1703 non
204 1669 324 1704 cum
362 1650 476 1721 ipsa
510 1646 723 1699 notione
762 1644 911 1700 simul
948 1644 1159 1716 positis,
1199 1657 1336 1712 quae
1370 1636 1534 1707 igitur

58 1744 112 1796 in
163 1742 381 1813 singulis
435 1741 545 1815 ejus
603 1739 846 1812 exemplis
911 1738 1118 1792 diversa
1168 1751 1286 1786 esse
1336 1729 1537 1802 possint

57 1838 134 1909 (v.
169 1856 214 1890 c.
253 1855 317 1890 ex
348 1835 472 1909 jure
509 1852 719 1899 eorum,
767 1834 1080 1905 quibuscum
1134 1847 1218 1883 res
1269 1826 1335 1881 sit
1369 1823 1538 1889 nobis,
1580 1882 1591 1887 ι

58 1951 124 1985 ex
178 1929 501 2001 obligatione
555 1926 827 1999 perfecta,
886 1926 972 1981 cui
1022 1926 1126 1979 hoc
1169 1921 1326 1975 unico
1373 1915 1535 1972 modo

55 2023 299 2080 satisfieri
362 2020 583 2094 queat),
656 2019 887 2094 pendeat
960 2028 1123 2093 atque
1195 2014 1531 2086 intelligatur.

56 2117 313 2190 Exemplo
364 2116 462 2170 erit
509 2114 652 2170 notio
689 2112 993 2188 pugnandi,
1042 2130 1200 2185 quam
1236 2127 1390 2164 nemo
1429 2123 1534 2160 non

59 2212 314 2283 largietur
382 2228 501 2264 esse
569 2207 854 2282 ejusmodi,
911 2217 998 2273 ut,
1060 2225 1198 2279 quae
1250 2205 1299 2257 ei
1351 2200 1533 2255 subest

58 2304 253 2376 agendi
291 2304 456 2370 ratic,
491 2320 587 2375 per
626 2322 685 2356 se
724 2309 962 2373 spectata
1000 2306 1226 2372 nequeat
1262 2303 1353 2349 aut
1389 2311 1532 2346 com-

58 2398 274 2474 probari
346 2405 436 2450 aut
505 2396 814 2469 vituperari,
886 2395 1033 2468 cujus
1092 2403 1268 2448 tamen
1327 2385 1533 2458 singula

61 2491 299 2565 exempla
336 2497 538 2545 tantum
583 2490 733 2544 abest
767 2499 828 2544 ut
860 2489 1043 2543 nullius
1093 2487 1192 2543 sint
1229 2484 1384 2541 ethici
1420 2500 1532 2536 mo-

63 2590 252 2655 menti,
306 2596 365 2643 ut
399 2603 506 2639 non
539 2582 826 2655 possimuS,
875 2582 997 2654 quin
1034 2599 1217 2636 eorum
1262 2599 1307 2632 v,
1341 2595 1386 2631 c.
1421 2584 1532 2632 tura

64 2685 332 2759 pissimam
370 2677 668 2755 judicemus
706 2694 968 2750 pugnam,
1024 2676 1111 2748 qui
1147 2673 1254 2750 juri
1290 2671 1390 2726 vim
1439 2687 1532 2741 op*

62 2797 263 2853 ponere
336 2771 750 2848 aggrediantur,
814 2791 930 2825 eam
993 2779 1176 2826 contra
1240 2768 1532 2828 honestam,

67 2891 203 2946 quae
236 2870 457 2944 injuriae
492 2864 856 2940 impediendae
891 2863 1134 2923 inserviat
1168 2860 1537 2931 innoc-entique
