1698 3084
580 132 971 198 -37-

32 279 214 354 possit.
301 275 560 338 Convenit
595 283 788 357 quippe
836 284 971 338 inter
1016 301 1143 347 noS,
1198 280 1389 335 nullam
1436 280 1514 336 in-

31 393 151 429 esse
183 393 356 448 neque
391 379 444 430 in
482 378 887 432 dissimulatione
925 397 1098 450 neque
1132 375 1185 428 in
1219 375 1352 441 fine,
1389 392 1512 447 pro-

29 477 150 539 pter
209 487 366 539 quem
426 491 542 526 eam
594 471 831 526 adhiberi
892 473 1140 535 feeinmS,
1207 471 1251 524 si
1299 487 1397 542 per
1449 489 1508 547 se

28 572 364 634 spectentur,
427 566 826 643 turpitudinem:
887 566 1010 619 nihil
1066 573 1242 619 autem
1292 563 1506 619 rationis

27 676 146 710 esse
182 658 415 728 videtur,
492 681 615 728 cur,
666 681 801 735 quae
838 659 1045 732 singula
1081 659 1223 714 licita
1257 659 1386 724 sint,
1438 676 1503 711 ea

17 751 233 823 juncta,
291 754 427 809 nulla
478 755 578 809 alia
622 773 684 810 re
719 754 1035 820 accedente,
1087 755 1260 825 turpia
1297 751 1505 826 judiee-

26 864 160 899 mus.
245 850 375 915 “At,
423 850 655 918 inquies,
709 849 938 904 sufficiet
973 847 1041 901 ad
1079 846 1403 903 damnandas
1444 845 1503 898 il-

24 937 101 994 las
155 960 368 1014 quoque
424 942 653 997 fallacias
707 943 841 1016 juris
901 943 1163 997 violatio’'!
1259 940 1505 996 Sufficiet

27 1051 91 1086 ea
127 1035 367 1107 quidem,
428 1035 587 1089 modo
635 1045 695 1091 ut
745 1037 818 1090 eis
854 1037 1001 1108 insit3
1065 1035 1283 1089 vidimus
1345 1020 1499 1100 enim,

22 1145 127 1180 non
175 1131 324 1201 sequi
359 1131 657 1185 necessario
694 1149 759 1187 ex
794 1132 1006 1186 notione
1043 1127 1281 1193 fallendi,
1331 1136 1388 1180 ut
1412 1125 1501 1199 jus

24 1220 238 1295 alicujus
273 1223 540 1292 laedatur,
587 1225 677 1279 ubi
712 1245 778 1280 ea
826 1244 911 1279 res
960 1243 1060 1279 usu
1108 1221 1309 1286 veniat,
1354 1227 1501 1292 post-

22 1315 124 1370 hac
161 1316 465 1374 videbimus.
537 1320 729 1392 Neque
762 1329 939 1373 tamen
973 1318 1112 1371 hane
1148 1315 1501 1389 objectionem

22 1428 352 1482 magnopere
386 1414 535 1467 nobis
573 1414 869 1486 urgendam
918 1412 1297 1475 existimamUS,
1347 1408 1499 1462 dum-

22 1503 184 1557 modo
251 1507 389 1559 enim
453 1508 744 1580 intelligaS,
811 1526 928 1561 esse
989 1505 1118 1571 tibi,
1187 1522 1292 1575 quo
1354 1509 1500 1554 certa

26 1597 288 1670 quaedam
323 1601 624 1675 improbare
671 1621 832 1675 queas
883 1598 1092 1654 fallendi
1130 1596 1393 1669 exempla,
1430 1594 1501 1648 ad

25 1693 242 1749 aliorum
266 1696 390 1769 jura
438 1696 877 1770 confugiendum,
915 1695 1163 1747 effectum
1200 1698 1309 1756 est,
1357 1686 1504 1760 quod

26 1789 129 1844 hac
160 1790 512 1862 disputatione
548 1792 689 1847 effici
724 1791 989 1847 voluimus.
1060 1788 1163 1844 Est
1197 1785 1392 1856 quippe
1419 1782 1505 1835 illa

27 1905 173 1941 mere
221 1887 619 1957 praeparatoria
664 1905 837 1959 neque
889 1884 988 1938 alio
1033 1881 1290 1955 pertinet,
1344 1896 1503 1950 quam

26 1992 111 2047 ut,
161 1999 382 2034 excussa
429 1981 511 2034 illa
552 1981 795 2054 opinione
836 1978 903 2032 de
947 1974 1257 2032 invenienda
1302 1974 1354 2027 in
1389 1974 1505 2043 ipsa

27 2076 235 2131 fallendi
269 2075 483 2130 notione
528 2075 875 2148 turpitudine,
914 2073 1092 2145 aequis
1131 2069 1343 2124 auribus
1378 2066 1506 2119 libe-

27 2191 195 2241 roque
233 2189 264 2223 a
298 2168 667 2242 praejudicatis
706 2169 1032 2241 opinionibus
1070 2166 1241 2221 animo
1279 2178 1504 2229 sequen-

29 2269 106 2322 tia
156 2266 398 2337 accipere
432 2263 601 2334 possis
644 2263 906 2335 exempla,
949 2264 1001 2315 in
1037 2263 1224 2334 quibus
1274 2277 1342 2310 ne
1369 2255 1502 2329 juris

32 2362 316 2416 laesionem
360 2358 589 2411 invenire
635 2358 729 2411 tibi
775 2356 1024 2420 videaris,
1075 2374 1180 2408 non
1228 2360 1310 2407 est
1354 2350 1503 2404 nobis

32 2455 317 2510 admodum
365 2451 717 2506 metuendum.
802 2452 927 2505 Hoc
978 2451 1138 2523 igitur
1188 2449 1388 2512 animO,
1443 2452 1503 2498 ut

87 2627 243 2656 nocere
274 2613 450 2654 multum
482 2612 711 2662 interesse,
756 2609 865 2651 unde
896 2611 996 2662 fiat,
1047 2614 1095 2650 ut
1127 2613 1170 2650 et
1197 2606 1367 2649 laedere
1398 2615 1498 2658 pos-

88 2691 243 2741 simus,
291 2689 442 2742 quibus
487 2701 571 2728 non
611 2699 862 2739 noceamus,
910 2691 952 2727 et·
994 2699 1174 2737 nocere,
1213 2695 1318 2737 quos
1365 2678 1500 2722 haud-

88 2778 297 2817 quaquam
342 2764 586 2814 laedamus3
633 2762 790 2804 esi-atur
821 2763 969 2804 Kant
1010 2762 1115 2802 iiber
1145 2760 1213 2801 ein
1253 2756 1506 2799 vermeintes

91 2839 233 2880 Recht
262 2853 338 2882 aus
371 2839 715 2881 Menscheniiebe
761 2853 815 2880 zu
862 2840 987 2891 higen
1034 2837 1113 2889 (im
1158 2835 1314 2877 dritten
1360 2829 1508 2873 Raude

92 2916 167 2958 der
200 2916 477 2958 vermischton
505 2915 741 2969 Schriften)
775 2930 869 2971 pag.
894 2917 993 2956 364.
1025 2917 1125 2957 365.
