1719 3084
596 65 984 120 -39......

54 221 263 276 quoque
297 206 619 261 nominatam
667 226 785 261 esse
829 203 1124 277 putaverint
1157 205 1420 278 homines,
1468 222 1528 270 ut

44 298 182 350 nulla
221 297 287 352 sit
334 298 387 351 in
434 302 537 354 vita
572 299 866 363 communi,
922 297 1060 352 nulla
1096 299 1232 356 inter
1272 322 1393 371 005,
1432 309 1520 377 qui

46 391 372 463 disciplinam
419 414 625 448 morum
682 395 778 448 sibi
830 402 1128 448 sumserunt
1173 397 1521 466 tractandam,

46 485 252 556 saepius
302 485 502 557 agitata
549 488 817 560 quaestiO,
866 505 1022 557 quam
1058 486 1142 540 illa
1191 488 1260 543 de
1294 493 1517 564 turpitu-

46 578 169 632 dine
217 579 493 635 mendacii.
570 583 700 642 Quis
751 588 831 634 est
881 589 1084 646 autem,
1134 583 1222 652 qui
1268 585 1364 638 sibi
1398 605 1518 657 per-

45 673 257 726 suaderi
316 675 574 746 patiatur,
633 674 687 727 in
750 693 814 728 eo
870 684 1011 729 totos
1075 675 1237 730 fuisse
1291 680 1522 734 omnium

46 767 160 820 sere
208 777 503 839 temporum
541 769 867 823 acutissimos
903 769 1072 835 virOS,
1127 769 1181 823 in
1219 791 1282 826 eo
1318 792 1521 827 summa

45 862 379 915 contentione
415 859 736 925 desudasse,
783 871 869 927 ut,
904 862 1195 931 liceantne,
1234 886 1371 938 quae
1403 868 1518 940 ipso

43 956 251 1007 nomine
298 955 398 1008 sint
444 955 650 1026 turpia,
707 957 1039 1027 contingeret
1079 958 1414 1031 intelligere?
1449 993 1520 1003 -—

46 1049 252 1102 Credat
298 1049 524 1106 fortasse
574 1048 783 1119 aliquiS,
841 1050 895 1102 in
943 1070 1007 1104 eo
1055 1051 1268 1106 latuisse
1316 1073 1517 1121 eorum,

47 1144 137 1215 qui
187 1142 465 1196 mendacia
520 1141 783 1216 quaedam
831 1144 1132 1199 excusanda
1168 1159 1515 1220 susceperunt

44 1255 308 1302 errorem,
367 1236 510 1308 quod
558 1255 664 1290 non
712 1238 1088 1310 intelligerent,
1145 1241 1519 1313 turpitudinem

44 1350 163 1384 esse
199 1329 458 1384 mendacii
494 1340 702 1396 notam,
750 1333 956 1386 veriora
994 1343 1168 1388 autem
1205 1336 1346 1388 circa
1381 1337 1519 1390 hanc

42 1443 155 1478 rem
210 1424 431 1490 vidisse,
481 1426 570 1497 qui
619 1425 793 1478 omnia
828 1427 1103 1481 mendacia
1142 1429 1518 1501 improbarunt.

41 1521 241 1574 Verum
288 1520 470 1584 obest,
529 1518 672 1590 quod
719 1538 787 1571 ne
827 1521 880 1573 hi
930 1518 1141 1593 quidem
1185 1523 1320 1578 inter
1369 1533 1519 1579 notas

39 1612 300 1667 mendacii
344 1613 722 1684 turpitudinem
770 1622 1067 1670 statuerunt
1114 1635 1232 1670 esse
1281 1619 1518 1672 referen-

43 1707 194 1773 dam,
244 1708 290 1762 εἰ
328 1707 465 1762 enim
499 1708 823 1773 retulissent,
868 1708 923 1760 in
972 1708 1357 1764 definitionibus
1412 1712 1518 1766 suis

43 1811 571 1868 commemorassent,
632 1801 776 1874 quod
838 1811 960 1856 ante
1024 1801 1160 1856 haec
1222 1805 1521 1858 recentiora

43 1907 284 1968 tempora
336 1915 604 1968 nunquam
657 1904 765 1961 est,
818 1905 1070 1968 quantum
1106 1896 1256 1950 nobis
1307 1896 1520 1968 quidem

42 1999 274 2056 constat,
358 1990 584 2044 sactum:
684 1990 758 2044 ita
827 2009 858 2042 e
928 1990 1191 2043 contrario
1267 1989 1518 2044 adversus

39 2084 438 2138 mendaciorum
513 2083 824 2137 defensores
900 2092 1368 2155 argumentantur,
1444 2093 1519 2149 ut,

40 2179 276 2251 quamvis
327 2177 592 2231 difficilem
642 2187 802 2250 atque
848 2186 1137 2233 tortuosam
1174 2197 1292 2232 esse
1328 2196 1520 2230 conce-

43 2272 171 2326 dant
240 2271 308 2325 de
379 2271 704 2345 turpitudine
786 2290 969 2327 eorum
1039 2273 1396 2345 quaestionem
1431 2269 1522 2342 p),

40 2489 96 2545 1²)
148 2488 515 2542 Augustinus
563 2488 616 2530 de
648 2488 868 2531 mendacio
917 2493 1027 2541 c.l,
1074 2491 1222 2530 contra
1260 2486 1525 2528 mendacium

105 2576 140 2603 c.
168 2566 235 2603 16.
317 2563 516 2603 Pictet
562 2563 603 2602 la
633 2564 792 2604 morale
826 2562 1068 2603 cliretienne
1110 2566 1224 2601 tome
1242 2561 1293 2603 V.
1327 2561 1430 2601 Hvre
1447 2558 1523 2600 vl.

106 2635 169 2675 cll.
194 2638 261 2675 13.
298 2648 393 2689 pass.
412 2637 522 2675 264:
568 2635 685 2676 C'est
716 2649 798 2677 une
839 2636 999 2687 grande
1030 2635 1224 2688 question
1264 2631 1318 2674 de
1347 2631 1526 2685 scavoir,

105 2707 167 2749 s'il
201 2708 307 2749 n'est
334 2708 485 2760 jamais
530 2709 685 2762 permis
732 2710 786 2749 de
817 2711 970 2750 mentiz·
1014 2721 1122 2763 pour
1163 2707 1314 2748 rendre
1346 2707 1529 2759 quelque

107 2782 268 2822 service
313 2781 334 2821 a
369 2794 437 2822 ses
471 2781 631 2833 freres,
680 2794 788 2835 pour
820 2782 881 2823 les
913 2782 1093 2823 delivrer
1125 2781 1178 2821 de
1209 2781 1392 2834 quelque
1425 2778 1529 2818 dan-

107 2867 209 2907 ger,
260 2867 317 2896 ou
364 2867 472 2910 pour
524 2856 614 2896 leur
661 2866 864 2909 procurer
913 2855 1094 2908 quelque
1126 2853 1261 2907 grand
1302 2852 1426 2902 bien,
1480 2861 1535 2890 ou
