1698 3084
607 66 997 120 *63*

714 206 871 281 §a

196 352 238 405 Α
302 349 511 403 fallaciis
567 346 730 419 igitur
776 347 868 399 fiat
915 344 1127 399 initium,
1228 343 1289 397 In
1340 342 1527 414 quibus

56 444 227 498 ethice
274 441 606 514 aestimandis
642 459 802 513 quum
839 440 1006 494 minus
1044 446 1292 492 accurate
1339 455 1527 506 neque,

56 538 208 592 sicuti
246 536 314 590 de
351 537 627 591 mendacio
666 536 864 589 factum
895 543 1002 600 est,
1056 531 1181 587 data
1215 549 1377 603 opera
1413 550 1527 585 ver-

55 633 157 686 sati
207 633 309 687 sint
371 633 664 687 ethicorum
723 631 1035 702 scriptores,
1112 646 1267 681 nemo
1349 624 1527 679 mirari

53 723 293 792 debebit,
346 734 400 780 et
450 724 705 800 ejusmodi
751 724 927 778 afferri
973 743 1006 777 a
1057 722 1207 775 nobis
1252 720 1358 774 hoo
1406 719 1526 773 loco

48 828 394 891 argumenta,
454 840 592 892 quae
656 821 722 873 ab
780 818 1047 872 autoribus
1109 816 1216 869 suis
1278 815 1527 871 adversus

47 912 382 968 mendacium
437 923 640 969 tantum
705 911 975 985 proposita
1029 908 1332 975 videantur,
1393 902 1539 982 quae*

47 1016 226 1062 autem
265 1028 329 1063 ex
363 1016 553 1063 natura
592 1026 689 1063 sua
726 1004 794 1060 ad
830 1003 1163 1059 mendacium
1199 1004 1401 1058 nonnisi
1439 1025 1528 1058 ea-

48 1110 200 1156 tenus
247 1102 574 1175 pertineant,
625 1109 881 1173 quatenus
929 1096 1138 1150 fallendi
1192 1099 1258 1152 sit
1305 1098 1526 1171 specieS,

47 1203 139 1250 aut
187 1196 350 1267 igitur
390 1195 459 1249 de
507 1194 732 1250 sallendo
782 1194 834 1260 in
871 1192 1170 1246 universum
1211 1191 1385 1246 valere
1431 1193 1536 1246 dez

44 1291 205 1344 beant
248 1285 346 1344 ‘aut
392 1309 460 1344 ne
509 1288 578 1342 de
611 1287 910 1358 mentiendo
949 1286 1193 1360 quidem,
1228 1317 1300 1326 —
1347 1295 1430 1354 et,
1480 1288 1523 1342 si

44 1403 182 1457 quae
230 1385 339 1439 'sint
399 1382 649 1438 adversus
705 1382 986 1437 fallendum
1037 1382 1217 1446 allata,
1269 1393 1407 1454 quae
1453 1381 1523 1435 de

41 1478 320 1532 mendacio
372 1488 575 1533 tantum
620 1477 851 1543 valeant,
904 1495 968 1530 ea
1010 1485 1124 1530 tum
1168 1476 1254 1530 hic
1304 1487 1520 1532 eatenus

42 1573 346 1648 dijudicari,
394 1583 485 1640 ut,
536 1591 631 1626 cur
673 1573 841 1626 minus
885 1571 986 1626 sint
1022 1569 1092 1623 ad
1125 1568 1536 1627 monstrandam⁴

40 1667 416 1740 turpitudinem
455 1666 662 1721 fallendi
714 1675 865 1739 apta,
914 1664 1250 1731 ostendatur,
1305 1675 1415 1719 tum
1463 1667 1517 1721 in

38 1765 374 1835 sequentibus
394 1807 409 1830 ,
461 1772 717 1836 quatenus
774 1760 843 1814 ad
895 1758 1178 1815 mentiendi
1234 1759 1514 1833 turpitudi-

37 1876 158 1912 nem
194 1856 588 1913 monstrandam
637 1858 740 1912 sint
775 1857 1104 1924 efficaciora,
1143 1854 1372 1911 tractari.

182 2001 258 2056 Ut
292 2019 416 2056 vero
463 2002 532 2055 ab
573 2001 942 2055 infirmioribus
990 1997 1287 2064 ordiamur,
1351 1999 1512 2052 verbo

33 2094 246 2166 quidem
265 2115 706 2152 commemorasse
734 2097 961 2151 sufficiet
987 2113 1171 2149 eorum
1197 2102 1513 2165 argumenta

33 2192 114 2247 vel
147 2192 360 2246 umbras
412 2193 587 2265 potius
636 2201 1096 2264 argumentorum,
1153 2189 1243 2259 qui
1289 2197 1379 2243 aut
1413 2205 1511 2259 per

33 2286 381 2357 tautologiam
451 2285 718 2357 quandam
777 2287 898 2342 ideo
963 2285 1267 2341 damnatum
1334 2281 1510 2336 volunt

33 2382 332 2436 universum
379 2381 588 2436 fallendi
627 2379 828 2454 genus,
885 2380 1030 2454 quod
1076 2379 1293 2435 veritate
1338 2377 1509 2450 prive-

33 2484 150 2543 tur,
208 2476 298 2548 qui
346 2474 553 2531 fallatur
589 2476 675 2546 i);
731 2476 786 2532 id
833 2476 1028 2550 quippe
1073 2493 1227 2530 nemo
1276 2472 1508 2544 negavit,

26 2715 67 2774 i)
102 2716 220 2759 Nic.
252 2718 455 2760 Abram
486 2717 540 2759 de
570 2718 790 2760 mendacio
822 2731 872 2760 ac
903 2717 1082 2760 veritate
1111 2713 1215 2758 LII.
1248 2727 1284 2756 c.
1306 2715 1348 2756 5.
1392 2713 1502 2765 535.

86 2791 138 2832 Ρ.
183 2791 472 2844 Laymann
513 2790 724 2849 Theolog.
769 2791 948 2836 Moralis
986 2792 1013 2835 l.
1032 2790 1107 2838 lv.
1153 2792 1273 2834 tract.
1290 2790 1330 2832 3.
1375 2800 1412 2829 c.
1433 2787 1503 2827 13.

79 2877 118 2906 n.
134 2867 181 2907 ἂν
207 2869 442 2918 argument.
473 2868 571 2910 tert.
