1698 3084
574 118 642 130 .-..
734 91 960 142 59...-

32 231 282 304 turpiter,
335 248 468 303 ergo
515 240 758 287 neutrum
804 232 874 286 de
909 251 975 286 eo
1023 251 1120 305 per
1168 253 1227 288 se
1262 243 1507 307 spectato

32 325 354 399 praedicari,
409 327 512 380 hoc
563 336 669 393 est,
730 328 997 381 notionem
1047 328 1330 383 mentiendi
1384 348 1509 384 esse

33 420 206 474 ethice
261 418 598 476 indefinitam.
635 452 704 461 -—
749 422 886 474 Sunt
938 439 1062 475 vero
1109 423 1265 477 etiam
1316 433 1507 495 quarto

32 513 179 578 loco,
232 513 352 584 qui,
398 535 536 588 quae
585 535 648 570 ex
699 517 933 587 ipsorum
983 515 1284 570 definitione
1331 518 1511 572 forent

31 605 337 672 mendacia,
399 627 582 663 eorum
631 607 891 682 quaedam
935 609 1056 664 talia
1106 629 1224 664 esse
1273 629 1505 682 negave-

29 702 132 755 rint
180 701 370 754 nullam
417 701 603 769 aliam,
660 703 702 757 si
748 702 875 774 quid
918 702 1100 770 video,
1157 706 1227 757 ob
1275 723 1508 772 causam,

29 814 189 866 quam
239 814 344 866 quo
398 806 452 851 et
496 796 827 851 mendacium
863 798 987 852 satis
1024 800 1258 869 graviter
1312 800 1508 872 impro-

31 890 163 942 bare
224 898 466 962 possent,
525 908 698 962 neque
756 900 959 954 tamen,
1021 912 1150 964 quas
1198 892 1510 947 inducerent

34 984 402 1055 exceptiones,
452 1002 543 1036 eas
571 984 715 1056 justo
763 986 972 1038 nomine
1009 987 1356 1059 appellanteS,
1408 987 1508 1059 ipsi

33 1076 134 1130 sibi
202 1076 504 1131 viderentur
577 1078 942 1133 contradicere
966 1080 1060 1152 g).
1106 1111 1178 1120 —-
1238 1082 1339 1134 His
1395 1081 1511 1134 fere

33 1169 236 1236 modis,
286 1170 375 1243 qui
421 1170 666 1224 nonnulla
712 1171 987 1226 mendacia
1035 1174 1259 1229 honesta
1301 1173 1510 1246 judica-

33 1272 180 1328 runt,
219 1263 320 1318 ista
359 1262 467 1318 (luo
505 1265 785 1319 conciliare
835 1267 1007 1322 conati
1044 1277 1193 1333 sunt,
1245 1269 1512 1322 notionem

35 1377 152 1412 esse
190 1376 288 1430 per
322 1378 382 1412 se
418 1366 655 1430 turpem,
694 1360 900 1431 singula
936 1378 1059 1413 vero
1103 1361 1340 1433 exempla
1373 1361 1513 1416 licita

36 1471 154 1505 esse
207 1462 367 1524 atque
425 1452 675 1507 honesta:
728 1454 924 1509 frustra
972 1464 1146 1509 autem
1190 1454 1246 1507 id
1294 1462 1513 1509 conatos

36 1564 181 1610 esse,
220 1565 374 1600 nemo
424 1556 533 1612 est,
581 1547 706 1619 quin
754 1547 940 1602 videat.
1012 1549 1118 1601 Aut
1154 1549 1290 1601 enim
1337 1546 1514 1621 (quod

36 1640 88 1691 in
123 1640 341 1710 singulis
389 1640 729 1695 recensendis
780 1652 939 1714 atque
976 1641 1330 1696 examinandis
1364 1661 1515 1696 mon-

36 1734 341 1805 stravimus)
381 1754 445 1788 eo
496 1753 678 1788 errore
725 1735 1084 1807 implicantur,
1133 1745 1194 1790 ut
1248 1735 1514 1807 quaedam

38 1828 208 1900 turpia
245 1828 394 1882 simul
428 1829 652 1883 honesta
683 1847 802 1882 esse
839 1828 1184 1895 contendant,
1222 1839 1341 1895 aut,
1378 1848 1518 1901 quae

37 1923 307 1978 indefinita
342 1922 583 1978 vocanda
618 1923 757 1978 soret
798 1924 975 1990 noti0,
1023 1943 1140 1977 eam
1175 1942 1274 1997 per
1309 1943 1368 1978 se
1405 1933 1518 1978 tur-

38 2037 160 2089 pem
209 2037 404 2072 vocare
462 2016 944 2090 deprehenduntur.
1015 2019 1248 2090 Apparet
1291 2036 1416 2071 vero
1461 2016 1518 2071 id

41 2131 279 2184 quoque,
348 2113 416 2167 ad
478 2113 836 2186 quaestionem
896 2132 927 2165 a
985 2113 1136 2167 nobis
1195 2112 1518 2185 propositam

42 2205 180 2260 litem
220 2206 289 2260 de
343 2207 629 2262 mendaciis
681 2207 854 2283 ethice
891 2207 1225 2261 aestimandis
1264 2226 1382 2260 esse
1433 2224 1520 2259 re·-

42 2300 363 2356 vocandam:
421 2304 638 2368 etenim,
698 2302 742 2356 si
799 2299 1132 2353 mendacium
1183 2311 1338 2372 turpe
1402 2317 1521 2353 esse

42 2395 471 2461 intellexerimus,
507 2415 673 2449 vanae
713 2404 896 2460 erunt,
931 2413 998 2448 ne
1035 2394 1208 2448 dicam
1240 2390 1520 2457 absurdae,

0 2487 1 2494 ’
46 2508 226 2543 01111165
275 2488 344 2542 (16
398 2489 614 2559 singulis
661 2485 949 2542 mendaciis
1008 2487 1131 2542 inde
1201 2485 1521 2559 excipiendis

48 2584 410 2657 quaestioneS,
472 2583 551 2637 sin
606 2581 777 2636 ethice
825 2581 1181 2650 indefinitum,
1238 2590 1351 2635 tum
1395 2597 1527 2636 vero

48 2814 104 2871 g)
137 2815 314 2870 Vogel
357 2813 581 2859 Lehrbuch
623 2815 700 2858 der
738 2812 823 2858 chr.
868 2812 1008 2856 Mora}
1053 2810 1304 2867 (Nfimberg
1345 2824 1385 2854 u,
1431 2811 1527 2853 Alt-

112 2887 211 2931 dors
239 2891 390 2945 1803.)
421 2892 567 2945 5196,
601 2890 674 2934 cfr,
706 2890 734 2941 ς
763 2891 858 2931 198.
