1719 3084
670 55 1064 109 ωδ..

124 192 278 259 illud,
329 194 472 267 quod
526 216 630 250 non
678 197 838 252 faciat
884 196 954 250 ad
1013 196 1279 251 notionem
1331 197 1608 265 mendacii,

130 290 245 342 sieri
281 290 495 362 quidem
543 293 739 363 possit,
781 302 841 346 ut
877 310 1003 345 vero
1043 292 1177 345 absit
1212 292 1496 365 quidquam
1541 293 1612 346 ad

137 386 418 438 essentiam
449 387 702 453 notionis,
743 406 901 459 quam
933 386 1260 459 quaerinmS,
1296 389 1616 442 constituen-

135 478 259 531 dam
335 483 724 548 necessarium,
801 480 940 535 nullo
1016 479 1176 534 modo
1251 483 1364 536 fieri
1443 492 1617 555 queat.

136 573 254 626 Erit
289 574 454 646 igitur
506 578 656 631 nobis
707 575 1023 641 videndum,
1084 594 1211 628 num
1263 595 1366 647 qua
1416 580 1620 632 ratione

140 687 330 721 cavere
378 673 672 742 possimus,
735 690 832 736 ne,
895 689 1033 742 quae
1105 670 1322 741 singulis
1375 672 1622 744 exemplis

142 763 243 816 sint
287 765 529 835 propria,
596 786 717 820 cum
775 767 837 820 iis
889 774 1300 832 commutemus,
1361 767 1431 819 ob
1488 786 1625 838 quae

142 857 427 911 mendaciis
477 867 915 926 annumerentur3
966 859 1051 912 illa
1090 860 1226 913 enim
1265 861 1307 913 si
1343 860 1628 934 sejungere

144 952 456 1023 contigerit,
507 954 629 1006 hinc
689 953 945 1007 exituram
996 973 1114 1007 esse
1163 955 1496 1008 manifestum
1548 964 1630 1009 est

146 1066 324 1100 veram
363 1057 524 1120 atque
573 1048 886 1119 genuinam,
930 1067 1089 1120 quam
1125 1050 1449 1121 quaerimus,
1485 1069 1631 1103 men-

149 1139 289 1194 dacii
334 1142 705 1198 definitionem.
780 1144 893 1196 “At
941 1144 1022 1198 vix
1061 1163 1125 1197 ac
1173 1164 1240 1198 ne
1291 1145 1372 1198 vix
1400 1143 1634 1215 ,quidem

152 1255 215 1288 eo
245 1240 548 1309 pervenies,
585 1237 726 1292 dicat
762 1237 971 1310 aliquis,
1009 1239 1106 1292 nisi
1143 1241 1359 1293 enimin
1387 1247 1637 1311 promptu

150 1331 399 1388 habueris
448 1335 642 1387 claram
685 1342 844 1404 atque
893 1332 1192 1389 distinctam
1232 1333 1493 1388 mendacii
1541 1353 1636 1386 no-

150 1426 375 1493 tionem,
437 1448 544 1481 non
609 1437 690 1482 est
753 1427 1072 1497 intelligere,
1145 1447 1371 1500 quanam
1424 1428 1639 1483 tandem

152 1521 358 1575 ratione
444 1523 499 1576 in
575 1523 822 1593 exemplis
900 1540 965 1575 ea
1046 1522 1366 1595 dignoscere
1455 1523 1640 1594 possis„

154 1625 375 1687 propter
438 1636 575 1689 quae
649 1616 926 1669 mendacio
991 1619 1366 1692 subjiciantur,
1427 1619 1494 1671 ab
1560 1619 1639 1683 iis,

157 1729 295 1781 quae
343 1711 444 1766 sint
494 1711 713 1782 singulis
761 1711 989 1783 propria.
1077 1712 1188 1766 Per
1246 1714 1431 1767 orbem
1482 1713 1645 1784 igitur

158 1805 438 1860 revoivaris
497 1825 719 1860 necesse
787 1815 894 1872 est,
972 1807 1166 1880 quippe
1225 1809 1314 1882 qui
1380 1808 1647 1861 notionem

161 1901 494 1970 quaesiturus
533 1902 602 1955 sis
638 1901 692 1954 in
729 1899 1001 1973 exempliS,
1041 1900 1179 1955 duce
1219 1913 1378 1974 atque
1413 1901 1648 1955 ministra

162 2001 367 2066 (neque
416 1997 552 2050 enim
595 1997 745 2050 aliam
793 1996 990 2066 habes)
1042 1995 1230 2051 eadem
1273 1998 1357 2050 illa
1391 1997 1647 2051 notione.’'

164 2090 340 2144 Cadet
383 2110 536 2158 vern,
589 2111 892 2164 speramus,
929 2092 1029 2145 ista
1065 2092 1323 2164 suspicio,
1360 2092 1450 2144 ubi
1488 2111 1650 2163 expo-

163 2186 455 2253 suerimus,
504 2188 817 2260 quibusnam
855 2187 936 2240 usi
970 2185 1173 2240 indiciis
1219 2197 1454 2241 statuere
1491 2205 1651 2239 cona-

164 2282 271 2334 turi
324 2282 517 2348 simus,
585 2282 711 2356 quid
767 2282 833 2336 sit
892 2281 945 2334 in
999 2281 1215 2352 siugulis
1275 2280 1523 2353 exemplis
1583 2279 1653 2335 ad

163 2376 498 2431 mendacium
553 2378 848 2450 pertinens,
901 2375 1025 2448 quid
1073 2395 1193 2429 non.
1289 2378 1524 2448 Apparet
1573 2385 1651 2429 et-

92 2484 102 2495 ·
165 2473 334 2538 enim,
385 2474 482 2528 etsi
517 2475 785 2528 notionem
823 2471 1049 2543 aliquam
1093 2491 1198 2524 non
1243 2481 1517 2526 teneamus
1556 2470 1652 2523 nisi

168 2585 359 2635 vagam
395 2587 690 2640 parumque
728 2568 1056 2632 distinctam,
1095 2587 1252 2639 posse
1288 2576 1464 2620 tamen
1502 2564 1652 2617 nobis

168 2672 415 2715 constare
454 2662 522 2715 de
561 2683 697 2716 nexu
737 2661 968 2733 quodam
1018 2672 1177 2734 atquo
1224 2660 1503 2724 relatione,
1551 2677 1656 2729 qua

176 2776 296 2810 cum
336 2757 562 2811 caeteris
620 2778 650 2811 a
688 2758 839 2812 nobis
890 2758 1137 2830 cogitatis
1180 2757 1489 2820 cohaereat,
1542 2751 1657 2825 qui-

166 2854 385 2906 busnam
430 2853 599 2906 affinis
651 2855 720 2908 sit
767 2854 1092 2919 notionibus,
1147 2852 1458 2925 quibusnam
1494 2865 1660 2922 oppo-
