1719 3084
693 85 1083 137 „affl-.-

145 252 262 289 mus
294 231 454 298 illius,
514 229 603 302 qui
659 226 992 282 mendacium
1044 236 1291 301 usurpat:
1352 225 1439 299 qui
1475 225 1638 282 utitur

148 331 313 393 bene,
368 328 434 381 sit
484 325 532 378 ei
583 325 809 388 bonum,
848 323 944 389 illi,
987 322 1075 392 qui
1125 342 1228 375 non
1274 323 1439 377 utitur
1485 323 1639 385 bene,

150 419 387 478 malum.’'
464 418 631 493 Cujus
667 418 1009 482 sententiam,
1061 416 1347 471 dummodo
1387 417 1536 470 nobis
1584 416 1639 468 Ιί-

154 526 273 571 ceat
311 514 612 568 accuratius
651 514 1000 577 constituere,
1042 512 1167 584 quid
1210 511 1513 565 indifferens
1563 511 1641 563 in-

152 608 436 673 tellexerit‚
510 617 657 661 certe
725 606 968 660 debuerit
1012 606 1335 678 intelligere,
1410 614 1642 660 nostram

151 705 331 759 facere
388 720 495 755 non
556 701 872 756 dubitamus,
958 700 1208 755 Noluisse
1263 720 1383 755 eum
1427 699 1643 772 quidem

151 800 289 857 hanc
326 798 745 871 propositionem
779 794 1088 870 explicatam
1126 816 1191 850 ex
1224 797 1309 851 illa
1342 795 1643 855 indifferen-

146 897 212 951 tis
257 893 678 968 significatione‚
735 890 1025 947 secundum
1073 911 1231 964 quam
1281 894 1386 947 hoc
1435 893 1645 948 nomine

148 1009 213 1044 ea
247 989 633 1062 insigniuntur,
658 1007 796 1060 quae
832 1006 938 1042 non
977 997 1099 1043 sunt
1133 989 1186 1041 in
1223 990 1437 1045 arbitrio
1474 989 1642 1045 homi—

145 1104 273 1141 num
324 1085 528 1157 posita,
587 1103 772 1139 verum
818 1082 1149 1137 necessitatis
1198 1083 1414 1159 alicujus
1461 1082 1639 1157 physi-

144 1200 242 1235 cae
290 1180 498 1253 legibus
549 1179 824 1245 devincta,
896 1177 1094 1231 clarum
1148 1189 1230 1235 est
1277 1199 1341 1233 ex
1391 1177 1640 1249 orationis

141 1286 423 1343 contextu3
461 1294 527 1330 ex
564 1273 754 1328 eodem
791 1292 952 1346 porro
990 1284 1164 1346 patet,
1205 1276 1493 1347 genuinam
1529 1274 1642 1347 ejus

142 1373 454 1430 sententiam
504 1387 610 1423 non
657 1366 842 1422 melius
894 1367 956 1420 iri
1003 1380 1376 1442 perspectum,
1435 1369 1478 1425 si
1524 1368 1639 1441 quis

137 1469 500 1524 indifferentes
556 1464 622 1516 ab
672 1482 736 1516 eo
794 1464 971 1517 vocari
1009 1467 1272 1537 putaverit
1306 1466 1436 1521 tales
1474 1465 1640 1520 actio-

140 1584 265 1631 neS‚
298 1580 468 1632 quae,
522 1575 845 1628 quamquam
889 1558 943 1612 in
992 1561 1209 1617 arbitrio
1259 1563 1488 1617 humano
1537 1560 1641 1615 sint

138 1659 376 1734 positae,
426 1651 563 1710 adeo
622 1654 769 1727 parvi
829 1663 1035 1724 tamen,
1089 1658 1194 1712 imo
1251 1659 1437 1714 nullius
1484 1657 1639 1732 plane

139 1753 392 1813 momenti
441 1771 560 1807 esse
607 1751 912 1818 videantur,
968 1754 1029 1808 ut
1077 1754 1275 1828 regulis
1327 1754 1510 1810 ethicis
1568 1753 1654 1806 ob'

139 1852 404 1906 levitatem
443 1848 629 1922 subjici
667 1857 946 1917 nequeant.
1021 1851 1125 1906 Est
1159 1869 1285 1905 vero
1329 1851 1487 1905 etiam
1525 1867 1641 1903 ma-

137 1946 420 2012 nifestum‚
472 1951 663 1998 neutro
701 1961 861 1997 sensu
899 1952 991 1998 aut
1035 1964 1155 2000 esse
1208 1940 1506 2018 quaesitum
1544 1951 1637 1998 aut

135 2062 292 2115 posse
324 2059 555 2112 unquam
591 2039 805 2111 quaeri,
839 2047 1017 2093 utrum
1043 2040 1350 2095 indifferens
1389 2028 1633 2094 sit'men-

135 2136 347 2191 dacium
384 2153 586 2198 necne,
646 2132 841 2204 quippe
880 2132 1023 2204 quod
1065 2144 1117 2188 et
1164 2155 1227 2189 ex
1264 2135 1379 2207 ipsa
1416 2135 1634 2189 notione

135 2252 231 2288 sua
268 2240 615 2304 spontaneam
665 2235 859 2298 arguat
898 2228 1087 2282 mentis
1127 2229 1450 2295 efficaciam,
1502 2237 1557 2283 et
1603 2249 1635 2283 a

134 2325 505 2400 defensoribus
543 2343 649 2378 non
686 2324 855 2378 minus
895 2340 1055 2392 quam
1094 2322 1162 2375 ab
1199 2323 1290 2391 iis,
1331 2325 1420 2397 qui
1458 2323 1633 2378 omnia

135 2422 248 2495 ejus
286 2421 527 2494 exempla
579 2417 754 2490 turpia
795 2416 1068 2491 judicant,
1125 2419 1422 2491 praeceptis
1471 2416 1629 2490 subji-

134 2515 303 2570 ciatur
356 2516 556 2570 ethicis.
629 2514 959 2567 Abramus
1021 2519 1196 2565 autem
1248 2513 1626 2577 indifferenteS,

133 2608 176 2664 si
214 2608 341 2681 quid
376 2608 559 2676 video,
609 2606 865 2681 ejusmodi
908 2616 1179 2679 nuncupat
1218 2607 1413 2678 agendi
1464 2607 1625 2662 ratio-

132 2723 256 2772 neS‚
305 2725 531 2777 quarum
586 2702 793 2775 singula
831 2701 1068 2774 exempla
1119 2720 1213 2773 pro
1253 2700 1468 2756 diversis
1523 2700 1620 2754 ho-

129 2799 354 2864 minum,
391 2798 526 2863 loci,
574 2798 826 2871 temporis
875 2795 1166 2850 rationibus
1206 2796 1397 2867 partim
1450 2795 1625 2867 turpia

116 2894 217 2949 sint
251 2894 439 2966 partim
477 2894 728 2956 honesta,
784 2891 851 2945 de
891 2891 1080 2960 quibus
1121 2889 1292 2962 igitur
1336 2889 1618 2948 universim
