<?xml version="1.0" encoding="UTF-8"?>
<!DOCTYPE html PUBLIC "-//W3C//DTD XHTML 1.0 Transitional//EN"
    "http://www.w3.org/TR/xhtml1/DTD/xhtml1-transitional.dtd">
<html xmlns="http://www.w3.org/1999/xhtml" xml:lang="en" lang="en">
 <head>
  <title>
</title>
<meta http-equiv="Content-Type" content="text/html;charset=utf-8" />
  <meta name='ocr-system' content='tesseract 3.04.00' />
  <meta name='ocr-capabilities' content='ocr_page ocr_carea ocr_par ocr_line ocrx_word'/>
</head>
<body>
  <div class='ocr_page' id='page_1' title='image "./denotioneatquetu00kier_0132.png"; bbox 0 0 1698 3084; ppageno 0'>
   <div class='ocr_carea' id='block_1_1' title="bbox 1673 0 1698 1074">
    <p class='ocr_par' dir='ltr' id='par_1_1' title="bbox 1673 0 1698 1074">
     <span class='ocr_line' id='line_1_1' title="bbox 1673 0 1698 388; baseline 0 -30"><span class='ocrx_word' id='word_1_1' title='bbox 1673 0 1698 388; x_wconf 95' lang='lat' dir='ltr'>    </span> 
     </span>
     <span class='ocr_line' id='line_1_2' title="bbox 1681 388 1698 1074; baseline 0 -609"><span class='ocrx_word' id='word_1_2' title='bbox 1681 388 1698 1074; x_wconf 95' lang='lat' dir='ltr'>   </span> 
     </span>
    </p>
   </div>
   <div class='ocr_carea' id='block_1_2' title="bbox 714 107 1106 161">
    <p class='ocr_par' dir='ltr' id='par_1_2' title="bbox 714 107 1106 161">
     <span class='ocr_line' id='line_1_3' title="bbox 714 107 1106 161; baseline -0.003 0"><span class='ocrx_word' id='word_1_3' title='bbox 714 107 1106 161; x_wconf 41' lang='lat'>*124*</span> 
     </span>
    </p>
   </div>
   <div class='ocr_carea' id='block_1_3' title="bbox 165 246 1698 1933">
    <p class='ocr_par' dir='ltr' id='par_1_3' title="bbox 165 246 1698 1933">
     <span class='ocr_line' id='line_1_4' title="bbox 173 246 1681 321; baseline -0.007 -11"><span class='ocrx_word' id='word_1_4' title='bbox 173 254 368 319; x_wconf 82' lang='lat' dir='ltr'>solent,</span> <span class='ocrx_word' id='word_1_5' title='bbox 406 251 783 321; x_wconf 75' lang='lat' dir='ltr'>hominesque,</span> <span class='ocrx_word' id='word_1_6' title='bbox 822 248 918 301; x_wconf 78' lang='lat' dir='ltr'>nisi</span> <span class='ocrx_word' id='word_1_7' title='bbox 955 266 1060 320; x_wconf 83' lang='lat' dir='ltr'>qua</span> <span class='ocrx_word' id='word_1_8' title='bbox 1095 246 1305 301; x_wconf 76' lang='lat' dir='ltr'><strong>libidine</strong></span> <span class='ocrx_word' id='word_1_9' title='bbox 1360 256 1450 303; x_wconf 83' lang='lat' dir='ltr'>aut</span> <span class='ocrx_word' id='word_1_10' title='bbox 1506 248 1681 303; x_wconf 82' lang='lat' dir='ltr'>animi:</span> 
     </span>
     <span class='ocr_line' id='line_1_5' title="bbox 170 332 1681 421; baseline -0.004 -19"><span class='ocrx_word' id='word_1_11' title='bbox 170 347 568 421; x_wconf 74' lang='lat' dir='ltr'><strong>perturbatione</strong></span> <span class='ocrx_word' id='word_1_12' title='bbox 602 346 957 417; x_wconf 71' lang='lat' dir='ltr'><strong>abripiuntur,</strong></span> <span class='ocrx_word' id='word_1_13' title='bbox 995 362 1061 395; x_wconf 90' lang='lat' dir='ltr'>eo</span> <span class='ocrx_word' id='word_1_14' title='bbox 1099 343 1267 396; x_wconf 87' lang='lat' dir='ltr'>solent</span> <span class='ocrx_word' id='word_1_15' title='bbox 1302 361 1419 396; x_wconf 87' lang='lat' dir='ltr'>esse</span> <span class='ocrx_word' id='word_1_16' title='bbox 1457 342 1510 395; x_wconf 87' lang='lat' dir='ltr'>in</span> <span class='ocrx_word' id='word_1_17' title='bbox 1545 332 1681 396; x_wconf 59' lang='lat' dir='ltr'>cre-¹</span> 
     </span>
     <span class='ocr_line' id='line_1_6' title="bbox 173 437 1685 511; baseline -0.003 -16"><span class='ocrx_word' id='word_1_18' title='bbox 173 441 348 495; x_wconf 87' lang='lat' dir='ltr'>dendo</span> <span class='ocrx_word' id='word_1_19' title='bbox 387 439 680 506; x_wconf 81' lang='lat' dir='ltr'>cautiores,</span> <span class='ocrx_word' id='word_1_20' title='bbox 729 458 833 511; x_wconf 77' lang='lat' dir='ltr'>quo</span> <span class='ocrx_word' id='word_1_21' title='bbox 872 437 1082 510; x_wconf 71' lang='lat' dir='ltr'>majoris</span> <span class='ocrx_word' id='word_1_22' title='bbox 1139 437 1388 492; x_wconf 81' lang='lat' dir='ltr'>momenti</span> <span class='ocrx_word' id='word_1_23' title='bbox 1423 447 1544 493; x_wconf 87' lang='lat' dir='ltr'>sunt</span> <span class='ocrx_word' id='word_1_24' title='bbox 1579 446 1685 504; x_wconf 41' lang='lat' dir='ltr'>east</span> 
     </span>
     <span class='ocr_line' id='line_1_7' title="bbox 173 530 1663 606; baseline -0.001 -17"><span class='ocrx_word' id='word_1_25' title='bbox 173 555 310 605; x_wconf 85' lang='lat' dir='ltr'>quae</span> <span class='ocrx_word' id='word_1_26' title='bbox 355 534 625 588; x_wconf 85' lang='lat' dir='ltr'>credenda</span> <span class='ocrx_word' id='word_1_27' title='bbox 671 542 1069 606; x_wconf 70' lang='lat' dir='ltr'>proponuntur:</span> <span class='ocrx_word' id='word_1_28' title='bbox 1121 530 1263 585; x_wconf 88' lang='lat' dir='ltr'>unde</span> <span class='ocrx_word' id='word_1_29' title='bbox 1294 533 1382 598; x_wconf 87' lang='lat' dir='ltr'>fit,</span> <span class='ocrx_word' id='word_1_30' title='bbox 1431 543 1491 589; x_wconf 89' lang='lat' dir='ltr'>ut</span> <span class='ocrx_word' id='word_1_31' title='bbox 1540 552 1663 606; x_wconf 84' lang='lat' dir='ltr'>pos·</span> 
     </span>
     <span class='ocr_line' id='line_1_8' title="bbox 170 626 1689 702; baseline -0.003 -17"><span class='ocrx_word' id='word_1_32' title='bbox 170 632 273 685; x_wconf 79' lang='lat' dir='ltr'>sint</span> <span class='ocrx_word' id='word_1_33' title='bbox 309 629 550 702; x_wconf 83' lang='lat' dir='ltr'>quidem,</span> <span class='ocrx_word' id='word_1_34' title='bbox 588 630 823 701; x_wconf 81' lang='lat' dir='ltr'>quamvis</span> <span class='ocrx_word' id='word_1_35' title='bbox 861 628 989 681; x_wconf 75' lang='lat' dir='ltr'>aiter</span> <span class='ocrx_word' id='word_1_36' title='bbox 1026 626 1236 680; x_wconf 84' lang='lat' dir='ltr'>alterius</span> <span class='ocrx_word' id='word_1_37' title='bbox 1274 628 1543 682; x_wconf 82' lang='lat' dir='ltr'>veracitati</span> <span class='ocrx_word' id='word_1_38' title='bbox 1569 647 1689 700; x_wconf 68' lang='lat' dir='ltr'>pti-2</span> 
     </span>
     <span class='ocr_line' id='line_1_9' title="bbox 168 721 1690 794; baseline -0.001 -17"><span class='ocrx_word' id='word_1_39' title='bbox 168 743 290 777; x_wconf 84' lang='lat' dir='ltr'>rum</span> <span class='ocrx_word' id='word_1_40' title='bbox 357 722 615 789; x_wconf 81' lang='lat' dir='ltr'>confidat,</span> <span class='ocrx_word' id='word_1_41' title='bbox 692 741 936 777; x_wconf 85' lang='lat' dir='ltr'>sermone</span> <span class='ocrx_word' id='word_1_42' title='bbox 1005 721 1298 793; x_wconf 73' lang='lat' dir='ltr'>opitulante</span> <span class='ocrx_word' id='word_1_43' title='bbox 1367 723 1690 794; x_wconf 61' lang='lat' dir='ltr'>transigere»</span> 
     </span>
     <span class='ocr_line' id='line_1_10' title="bbox 168 817 1665 892; baseline -0.001 -20"><span class='ocrx_word' id='word_1_44' title='bbox 168 818 432 892; x_wconf 77' lang='lat' dir='ltr'>permulta</span> <span class='ocrx_word' id='word_1_45' title='bbox 483 819 607 882; x_wconf 76' lang='lat' dir='ltr'>iila,</span> <span class='ocrx_word' id='word_1_46' title='bbox 659 836 797 890; x_wconf 81' lang='lat' dir='ltr'>quae</span> <span class='ocrx_word' id='word_1_47' title='bbox 843 835 947 870; x_wconf 86' lang='lat' dir='ltr'>non</span> <span class='ocrx_word' id='word_1_48' title='bbox 984 817 1164 887; x_wconf 73' lang='lat' dir='ltr'>magni</span> <span class='ocrx_word' id='word_1_49' title='bbox 1219 817 1468 870; x_wconf 85' lang='lat' dir='ltr'>momenti</span> <span class='ocrx_word' id='word_1_50' title='bbox 1526 828 1665 884; x_wconf 83' lang='lat' dir='ltr'>sunt,</span> 
     </span>
     <span class='ocr_line' id='line_1_11' title="bbox 168 912 1666 983; baseline 0 -17"><span class='ocrx_word' id='word_1_51' title='bbox 168 915 306 968; x_wconf 79' lang='lat' dir='ltr'>vitae</span> <span class='ocrx_word' id='word_1_52' title='bbox 364 913 653 968; x_wconf 84' lang='lat' dir='ltr'>communis</span> <span class='ocrx_word' id='word_1_53' title='bbox 706 913 957 983; x_wconf 74' lang='lat' dir='ltr'>negotia,</span> <span class='ocrx_word' id='word_1_54' title='bbox 1018 913 1283 968; x_wconf 81' lang='lat' dir='ltr'>elementis</span> <span class='ocrx_word' id='word_1_55' title='bbox 1327 920 1500 966; x_wconf 86' lang='lat' dir='ltr'>autem</span> <span class='ocrx_word' id='word_1_56' title='bbox 1546 912 1666 966; x_wconf 85' lang='lat' dir='ltr'>reli-</span> 
     </span>
     <span class='ocr_line' id='line_1_12' title="bbox 168 1006 1666 1080; baseline 0.001 -21"><span class='ocrx_word' id='word_1_57' title='bbox 168 1007 334 1079; x_wconf 77' lang='lat' dir='ltr'>giosis</span> <span class='ocrx_word' id='word_1_58' title='bbox 374 1017 535 1080; x_wconf 82' lang='lat' dir='ltr'>atque</span> <span class='ocrx_word' id='word_1_59' title='bbox 573 1008 755 1062; x_wconf 76' lang='lat' dir='ltr'>ethicis</span> <span class='ocrx_word' id='word_1_60' title='bbox 795 1028 827 1061; x_wconf 87' lang='lat' dir='ltr'>a</span> <span class='ocrx_word' id='word_1_61' title='bbox 862 1008 1168 1079; x_wconf 83' lang='lat' dir='ltr'>parentibus</span> <span class='ocrx_word' id='word_1_62' title='bbox 1204 1007 1395 1072; x_wconf 84' lang='lat' dir='ltr'>imbui,</span> <span class='ocrx_word' id='word_1_63' title='bbox 1442 1006 1666 1078; x_wconf 87' lang='lat' dir='ltr'>penitio-</span> 
     </span>
     <span class='ocr_line' id='line_1_13' title="bbox 166 1071 1698 1174; baseline 0.001 -19"><span class='ocrx_word' id='word_1_64' title='bbox 166 1120 227 1155; x_wconf 87' lang='lat' dir='ltr'>re</span> <span class='ocrx_word' id='word_1_65' title='bbox 261 1121 441 1156; x_wconf 79' lang='lat' dir='ltr'>rerum</span> <span class='ocrx_word' id='word_1_66' title='bbox 469 1102 760 1157; x_wconf 80' lang='lat' dir='ltr'>divinarum</span> <span class='ocrx_word' id='word_1_67' title='bbox 788 1115 947 1174; x_wconf 75' lang='lat' dir='ltr'>atque</span> <span class='ocrx_word' id='word_1_68' title='bbox 976 1103 1321 1155; x_wconf 81' lang='lat' dir='ltr'>humanarum</span> <span class='ocrx_word' id='word_1_69' title='bbox 1361 1101 1666 1172; x_wconf 82' lang='lat' dir='ltr'>cognitione</span> <span class='ocrx_word' id='word_1_70' title='bbox 1695 1071 1698 1163; x_wconf 79' lang='grc'>1</span> 
     </span>
     <span class='ocr_line' id='line_1_14' title="bbox 169 1196 1698 1268; baseline -0.001 -18"><span class='ocrx_word' id='word_1_71' title='bbox 169 1217 202 1250; x_wconf 81' lang='lat' dir='ltr'>a</span> <span class='ocrx_word' id='word_1_72' title='bbox 236 1197 505 1268; x_wconf 73' lang='lat' dir='ltr'>magistris</span> <span class='ocrx_word' id='word_1_73' title='bbox 559 1198 780 1263; x_wconf 74' lang='lat' dir='ltr'>initiari,</span> <span class='ocrx_word' id='word_1_74' title='bbox 849 1198 1069 1251; x_wconf 82' lang='lat' dir='ltr'>aliorum</span> <span class='ocrx_word' id='word_1_75' title='bbox 1121 1196 1493 1252; x_wconf 82' lang='lat' dir='ltr'>monitionibus</span> <span class='ocrx_word' id='word_1_76' title='bbox 1545 1215 1698 1249; x_wconf 52' lang='lat' dir='ltr'>cor-¹</span> 
     </span>
     <span class='ocr_line' id='line_1_15' title="bbox 165 1291 1664 1363; baseline -0.001 -16"><span class='ocrx_word' id='word_1_77' title='bbox 165 1293 298 1363; x_wconf 74' lang='lat' dir='ltr'>rigi,</span> <span class='ocrx_word' id='word_1_78' title='bbox 366 1291 592 1344; x_wconf 82' lang='lat' dir='ltr'>consiliis</span> <span class='ocrx_word' id='word_1_79' title='bbox 648 1293 821 1354; x_wconf 66' lang='lat' dir='ltr'>flecti,</span> <span class='ocrx_word' id='word_1_80' title='bbox 901 1294 1086 1345; x_wconf 69' lang='lat' dir='ltr'>solatio</span> <span class='ocrx_word' id='word_1_81' title='bbox 1138 1292 1273 1362; x_wconf 81' lang='lat' dir='ltr'>erigi</span> <span class='ocrx_word' id='word_1_82' title='bbox 1325 1291 1408 1361; x_wconf 87' lang='lat' dir='ltr'>(in</span> <span class='ocrx_word' id='word_1_83' title='bbox 1476 1292 1664 1362; x_wconf 87' lang='lat' dir='ltr'>quibus</span> 
     </span>
     <span class='ocr_line' id='line_1_16' title="bbox 169 1385 1666 1458; baseline -0.001 -16"><span class='ocrx_word' id='word_1_84' title='bbox 169 1388 409 1442; x_wconf 88' lang='lat' dir='ltr'>omnibus</span> <span class='ocrx_word' id='word_1_85' title='bbox 449 1386 739 1458; x_wconf 74' lang='lat' dir='ltr'>praecipua</span> <span class='ocrx_word' id='word_1_86' title='bbox 791 1386 954 1440; x_wconf 75' lang='lat' dir='ltr'>latent</span> <span class='ocrx_word' id='word_1_87' title='bbox 988 1385 1403 1438; x_wconf 80' lang='lat' dir='ltr'>rationabilitatis</span> <span class='ocrx_word' id='word_1_88' title='bbox 1452 1404 1666 1458; x_wconf 89' lang='lat' dir='ltr'>promo-</span> 
     </span>
     <span class='ocr_line' id='line_1_17' title="bbox 170 1479 1666 1553; baseline -0.001 -16"><span class='ocrx_word' id='word_1_89' title='bbox 170 1481 373 1537; x_wconf 82' lang='lat' dir='ltr'>vendae</span> <span class='ocrx_word' id='word_1_90' title='bbox 410 1479 648 1553; x_wconf 82' lang='lat' dir='ltr'>auxilia),</span> <span class='ocrx_word' id='word_1_91' title='bbox 684 1481 779 1533; x_wconf 79' lang='lat' dir='ltr'>nisi</span> <span class='ocrx_word' id='word_1_92' title='bbox 814 1481 874 1534; x_wconf 86' lang='lat' dir='ltr'>iis</span> <span class='ocrx_word' id='word_1_93' title='bbox 912 1488 1164 1550; x_wconf 84' lang='lat' dir='ltr'>tanquam</span> <span class='ocrx_word' id='word_1_94' title='bbox 1199 1481 1476 1535; x_wconf 84' lang='lat' dir='ltr'>veracibus</span> <span class='ocrx_word' id='word_1_95' title='bbox 1504 1481 1666 1537; x_wconf 87' lang='lat' dir='ltr'>fidem</span> 
     </span>
     <span class='ocr_line' id='line_1_18' title="bbox 169 1572 1667 1648; baseline -0.001 -16"><span class='ocrx_word' id='word_1_96' title='bbox 169 1580 427 1644; x_wconf 81' lang='lat' dir='ltr'>habeant,</span> <span class='ocrx_word' id='word_1_97' title='bbox 482 1576 716 1648; x_wconf 71' lang='lat' dir='ltr'>quamvis</span> <span class='ocrx_word' id='word_1_98' title='bbox 758 1577 951 1629; x_wconf 69' lang='lat' dir='ltr'>floreat</span> <span class='ocrx_word' id='word_1_99' title='bbox 1000 1572 1304 1627; x_wconf 83' lang='lat' dir='ltr'>adhucdum</span> <span class='ocrx_word' id='word_1_100' title='bbox 1339 1575 1392 1628; x_wconf 88' lang='lat' dir='ltr'>in</span> <span class='ocrx_word' id='word_1_101' title='bbox 1428 1575 1539 1631; x_wconf 88' lang='lat' dir='ltr'>istis</span> <span class='ocrx_word' id='word_1_102' title='bbox 1591 1578 1667 1631; x_wconf 78' lang='lat' dir='ltr'>vi-</span> 
     </span>
     <span class='ocr_line' id='line_1_19' title="bbox 167 1671 1666 1743; baseline -0.002 -14"><span class='ocrx_word' id='word_1_103' title='bbox 167 1685 257 1730; x_wconf 86' lang='lat' dir='ltr'>tae</span> <span class='ocrx_word' id='word_1_104' title='bbox 307 1672 599 1728; x_wconf 85' lang='lat' dir='ltr'>communis</span> <span class='ocrx_word' id='word_1_105' title='bbox 654 1671 885 1743; x_wconf 67' lang='lat' dir='ltr'>negotiis</span> <span class='ocrx_word' id='word_1_106' title='bbox 958 1671 1213 1724; x_wconf 85' lang='lat' dir='ltr'>sermonis</span> <span class='ocrx_word' id='word_1_107' title='bbox 1275 1673 1666 1740; x_wconf 79' lang='lat' dir='ltr'>commercium,</span> 
     </span>
     <span class='ocr_line' id='line_1_20' title="bbox 169 1764 1666 1837; baseline -0.001 -13"><span class='ocrx_word' id='word_1_108' title='bbox 169 1779 262 1825; x_wconf 75' lang='lat' dir='ltr'>aut</span> <span class='ocrx_word' id='word_1_109' title='bbox 315 1766 604 1823; x_wconf 85' lang='lat' dir='ltr'>admodum</span> <span class='ocrx_word' id='word_1_110' title='bbox 661 1766 944 1820; x_wconf 75' lang='lat' dir='ltr'>difficulter</span> <span class='ocrx_word' id='word_1_111' title='bbox 1006 1773 1167 1836; x_wconf 80' lang='lat' dir='ltr'>atque</span> <span class='ocrx_word' id='word_1_112' title='bbox 1213 1764 1526 1837; x_wconf 83' lang='lat' dir='ltr'>imperfecte</span> <span class='ocrx_word' id='word_1_113' title='bbox 1574 1778 1666 1824; x_wconf 83' lang='lat' dir='ltr'>aut</span> 
     </span>
     <span class='ocr_line' id='line_1_21' title="bbox 170 1857 1666 1933; baseline 0.001 -16"><span class='ocrx_word' id='word_1_114' title='bbox 170 1864 380 1918; x_wconf 90' lang='lat' dir='ltr'>omnino</span> <span class='ocrx_word' id='word_1_115' title='bbox 417 1880 524 1916; x_wconf 88' lang='lat' dir='ltr'>non</span> <span class='ocrx_word' id='word_1_116' title='bbox 559 1860 764 1933; x_wconf 82' lang='lat' dir='ltr'>possint</span> <span class='ocrx_word' id='word_1_117' title='bbox 799 1857 878 1931; x_wconf 78' lang='lat' dir='ltr'>b).</span> <span class='ocrx_word' id='word_1_118' title='bbox 953 1859 1108 1921; x_wconf 80' lang='lat' dir='ltr'>Quae</span> <span class='ocrx_word' id='word_1_119' title='bbox 1149 1877 1312 1930; x_wconf 87' lang='lat' dir='ltr'>quum</span> <span class='ocrx_word' id='word_1_120' title='bbox 1347 1862 1420 1916; x_wconf 86' lang='lat' dir='ltr'>ita</span> <span class='ocrx_word' id='word_1_121' title='bbox 1473 1882 1535 1917; x_wconf 87' lang='lat' dir='ltr'>se</span> <span class='ocrx_word' id='word_1_122' title='bbox 1569 1863 1666 1919; x_wconf 88' lang='lat' dir='ltr'>ha-</span> 
     </span>
    </p>
   </div>
   <div class='ocr_carea' id='block_1_4' title="bbox 169 2123 1664 2946">
    <p class='ocr_par' dir='ltr' id='par_1_4' title="bbox 169 2123 1664 2946">
     <span class='ocr_line' id='line_1_22' title="bbox 169 2123 1660 2184; baseline 0 -15"><span class='ocrx_word' id='word_1_123' title='bbox 169 2128 219 2184; x_wconf 80' lang='lat' dir='ltr'>h)</span> <span class='ocrx_word' id='word_1_124' title='bbox 251 2127 338 2169; x_wconf 88' lang='lat' dir='ltr'>Cfr.</span> <span class='ocrx_word' id='word_1_125' title='bbox 371 2128 575 2169; x_wconf 87' lang='lat' dir='ltr'>Petrus</span> <span class='ocrx_word' id='word_1_126' title='bbox 605 2124 829 2175; x_wconf 63' lang='lat' dir='ltr'>Tviartyr</span> <span class='ocrx_word' id='word_1_127' title='bbox 860 2123 1178 2167; x_wconf 86' lang='lat' dir='ltr'>Vermilius</span> <span class='ocrx_word' id='word_1_128' title='bbox 1209 2126 1251 2168; x_wconf 90' lang='lat' dir='ltr'>in</span> <span class='ocrx_word' id='word_1_129' title='bbox 1282 2124 1413 2167; x_wconf 88' lang='lat' dir='ltr'>Locis</span> <span class='ocrx_word' id='word_1_130' title='bbox 1439 2124 1660 2170; x_wconf 89' lang='lat' dir='ltr'>Commun.</span> 
     </span>
     <span class='ocr_line' id='line_1_23' title="bbox 229 2200 1663 2257; baseline 0.001 -13"><span class='ocrx_word' id='word_1_131' title='bbox 229 2203 456 2257; x_wconf 83' lang='lat' dir='ltr'>(Genevae</span> <span class='ocrx_word' id='word_1_132' title='bbox 502 2203 631 2243; x_wconf 79' lang='lat'>1624.</span> <span class='ocrx_word' id='word_1_133' title='bbox 666 2200 763 2254; x_wconf 81' lang='lat' dir='ltr'>sol.)</span> <span class='ocrx_word' id='word_1_134' title='bbox 798 2200 932 2242; x_wconf 78' lang='lat' dir='ltr'>Class.</span> <span class='ocrx_word' id='word_1_135' title='bbox 966 2201 1021 2242; x_wconf 90' lang='lat'>11.</span> <span class='ocrx_word' id='word_1_136' title='bbox 1055 2215 1090 2243; x_wconf 88' lang='lat' dir='ltr'>c.</span> <span class='ocrx_word' id='word_1_137' title='bbox 1111 2205 1178 2243; x_wconf 88' lang='lat'>13.</span> <span class='ocrx_word' id='word_1_138' title='bbox 1204 2205 1342 2244; x_wconf 76' lang='lat' dir='ltr'>n.28:</span> <span class='ocrx_word' id='word_1_139' title='bbox 1389 2203 1663 2247; x_wconf 82' lang='lat' dir='ltr'>“mentiendo</span> 
     </span>
     <span class='ocr_line' id='line_1_24' title="bbox 228 2277 1663 2334; baseline 0.001 -14"><span class='ocrx_word' id='word_1_140' title='bbox 228 2281 408 2334; x_wconf 81' lang='lat' dir='ltr'>quisque</span> <span class='ocrx_word' id='word_1_141' title='bbox 467 2278 548 2319; x_wconf 86' lang='lat' dir='ltr'>sibi</span> <span class='ocrx_word' id='word_1_142' title='bbox 609 2277 687 2332; x_wconf 84' lang='lat' dir='ltr'>ipsi</span> <span class='ocrx_word' id='word_1_143' title='bbox 743 2278 1015 2319; x_wconf 76' lang='lat' dir='ltr'>autoritatem</span> <span class='ocrx_word' id='word_1_144' title='bbox 1067 2278 1248 2332; x_wconf 81' lang='lat' dir='ltr'>abrogat</span> <span class='ocrx_word' id='word_1_145' title='bbox 1291 2301 1351 2310; x_wconf 86' lang='lat'>--</span> <span class='ocrx_word' id='word_1_146' title='bbox 1390 2292 1522 2332; x_wconf 84' lang='lat' dir='ltr'>quare</span> <span class='ocrx_word' id='word_1_147' title='bbox 1569 2293 1663 2334; x_wconf 88' lang='lat' dir='ltr'>nec,</span> 
     </span>
     <span class='ocr_line' id='line_1_25' title="bbox 228 2353 1664 2410; baseline 0.001 -12"><span class='ocrx_word' id='word_1_148' title='bbox 228 2356 393 2398; x_wconf 71' lang='lat' dir='ltr'>etiamsi</span> <span class='ocrx_word' id='word_1_149' title='bbox 424 2355 632 2405; x_wconf 80' lang='lat' dir='ltr'>voluerit,</span> <span class='ocrx_word' id='word_1_150' title='bbox 681 2353 914 2394; x_wconf 77' lang='lat' dir='ltr'>monitione</span> <span class='ocrx_word' id='word_1_151' title='bbox 945 2359 1020 2395; x_wconf 86' lang='lat' dir='ltr'>aut</span> <span class='ocrx_word' id='word_1_152' title='bbox 1052 2356 1315 2397; x_wconf 84' lang='lat' dir='ltr'>correctione</span> <span class='ocrx_word' id='word_1_153' title='bbox 1347 2356 1492 2397; x_wconf 86' lang='lat' dir='ltr'>licebit</span> <span class='ocrx_word' id='word_1_154' title='bbox 1523 2356 1563 2398; x_wconf 88' lang='lat' dir='ltr'>ei</span> <span class='ocrx_word' id='word_1_155' title='bbox 1588 2356 1664 2410; x_wconf 75' lang='lat' dir='ltr'>Ju-</span> 
     </span>
     <span class='ocr_line' id='line_1_26' title="bbox 228 2429 1664 2487; baseline 0 -12"><span class='ocrx_word' id='word_1_156' title='bbox 228 2448 328 2475; x_wconf 80' lang='lat' dir='ltr'>vare</span> <span class='ocrx_word' id='word_1_157' title='bbox 361 2429 622 2487; x_wconf 79' lang='lat' dir='ltr'>proximos.”</span> <span class='ocrx_word' id='word_1_158' title='bbox 683 2430 938 2472; x_wconf 81' lang='lat' dir='ltr'>Joannes</span> <span class='ocrx_word' id='word_1_159' title='bbox 970 2429 1237 2473; x_wconf 86' lang='lat' dir='ltr'>Gerhard</span> <span class='ocrx_word' id='word_1_160' title='bbox 1267 2433 1308 2473; x_wconf 92' lang='lat' dir='ltr'>in</span> <span class='ocrx_word' id='word_1_161' title='bbox 1338 2432 1469 2474; x_wconf 89' lang='lat' dir='ltr'>Locis</span> <span class='ocrx_word' id='word_1_162' title='bbox 1497 2432 1664 2475; x_wconf 84' lang='lat' dir='ltr'>theolo-</span> 
     </span>
     <span class='ocr_line' id='line_1_27' title="bbox 227 2506 1663 2564; baseline 0.001 -13"><span class='ocrx_word' id='word_1_163' title='bbox 227 2511 335 2564; x_wconf 83' lang='lat' dir='ltr'>gicis</span> <span class='ocrx_word' id='word_1_164' title='bbox 369 2509 459 2563; x_wconf 84' lang='lat' dir='ltr'>(ed.</span> <span class='ocrx_word' id='word_1_165' title='bbox 494 2507 632 2547; x_wconf 81' lang='lat' dir='ltr'>Cotta.</span> <span class='ocrx_word' id='word_1_166' title='bbox 665 2506 894 2559; x_wconf 79' lang='lat' dir='ltr'>Tiibingcn</span> <span class='ocrx_word' id='word_1_167' title='bbox 928 2506 1083 2561; x_wconf 77' lang='lat'>1766.)</span> <span class='ocrx_word' id='word_1_168' title='bbox 1116 2507 1336 2550; x_wconf 82' lang='lat' dir='ltr'>loc.XlII.</span> <span class='ocrx_word' id='word_1_169' title='bbox 1367 2510 1517 2561; x_wconf 73' lang='lat'>§1762</span> <span class='ocrx_word' id='word_1_170' title='bbox 1552 2509 1663 2553; x_wconf 82' lang='lat' dir='ltr'>“hoc</span> 
     </span>
     <span class='ocr_line' id='line_1_28' title="bbox 226 2581 1661 2641; baseline -0.001 -12"><span class='ocrx_word' id='word_1_171' title='bbox 226 2588 399 2641; x_wconf 86' lang='lat' dir='ltr'>insuper</span> <span class='ocrx_word' id='word_1_172' title='bbox 429 2584 577 2626; x_wconf 80' lang='lat' dir='ltr'>vitium</span> <span class='ocrx_word' id='word_1_173' title='bbox 608 2581 766 2623; x_wconf 75' lang='lat' dir='ltr'>liabent</span> <span class='ocrx_word' id='word_1_174' title='bbox 800 2581 1042 2635; x_wconf 85' lang='lat' dir='ltr'>(mendacia</span> <span class='ocrx_word' id='word_1_175' title='bbox 1074 2583 1314 2638; x_wconf 81' lang='lat' dir='ltr'>officiosa),</span> <span class='ocrx_word' id='word_1_176' title='bbox 1355 2590 1425 2638; x_wconf 85' lang='lat' dir='ltr'>ut,</span> <span class='ocrx_word' id='word_1_177' title='bbox 1459 2587 1530 2640; x_wconf 89' lang='lat' dir='ltr'>qui</span> <span class='ocrx_word' id='word_1_178' title='bbox 1561 2588 1661 2629; x_wconf 88' lang='lat' dir='ltr'>tali-</span> 
     </span>
     <span class='ocr_line' id='line_1_29' title="bbox 227 2659 1662 2712; baseline -0.001 -8"><span class='ocrx_word' id='word_1_179' title='bbox 227 2663 306 2704; x_wconf 85' lang='lat' dir='ltr'>bus</span> <span class='ocrx_word' id='word_1_180' title='bbox 352 2661 666 2703; x_wconf 79' lang='lat' dir='ltr'>mendaciorum</span> <span class='ocrx_word' id='word_1_181' title='bbox 701 2659 926 2712; x_wconf 69' lang='lat' dir='ltr'>generibus</span> <span class='ocrx_word' id='word_1_182' title='bbox 970 2660 1127 2712; x_wconf 84' lang='lat' dir='ltr'>utitur,</span> <span class='ocrx_word' id='word_1_183' title='bbox 1169 2662 1443 2704; x_wconf 84' lang='lat' dir='ltr'>autoritatem</span> <span class='ocrx_word' id='word_1_184' title='bbox 1474 2663 1552 2703; x_wconf 85' lang='lat' dir='ltr'>sibi</span> <span class='ocrx_word' id='word_1_185' title='bbox 1584 2663 1662 2704; x_wconf 83' lang='lat' dir='ltr'>ab-</span> 
     </span>
     <span class='ocr_line' id='line_1_30' title="bbox 227 2735 1660 2791; baseline -0.001 -11"><span class='ocrx_word' id='word_1_186' title='bbox 227 2743 377 2791; x_wconf 80' lang='lat' dir='ltr'>roget,</span> <span class='ocrx_word' id='word_1_187' title='bbox 424 2742 473 2778; x_wconf 87' lang='lat' dir='ltr'>ut</span> <span class='ocrx_word' id='word_1_188' title='bbox 504 2742 654 2791; x_wconf 79' lang='lat' dir='ltr'>postea</span> <span class='ocrx_word' id='word_1_189' title='bbox 683 2749 766 2777; x_wconf 87' lang='lat' dir='ltr'>non</span> <span class='ocrx_word' id='word_1_190' title='bbox 799 2737 934 2790; x_wconf 75' lang='lat' dir='ltr'>possit</span> <span class='ocrx_word' id='word_1_191' title='bbox 965 2749 1060 2777; x_wconf 82' lang='lat' dir='ltr'>cum</span> <span class='ocrx_word' id='word_1_192' title='bbox 1103 2735 1242 2778; x_wconf 82' lang='lat' dir='ltr'>fructu</span> <span class='ocrx_word' id='word_1_193' title='bbox 1290 2737 1546 2790; x_wconf 76' lang='lat' dir='ltr'>admonere,</span> <span class='ocrx_word' id='word_1_194' title='bbox 1591 2753 1660 2779; x_wconf 83' lang='lat' dir='ltr'>ar-</span> 
     </span>
     <span class='ocr_line' id='line_1_31' title="bbox 226 2812 1660 2868; baseline 0 -12"><span class='ocrx_word' id='word_1_195' title='bbox 226 2827 360 2868; x_wconf 84' lang='lat' dir='ltr'>guero</span> <span class='ocrx_word' id='word_1_196' title='bbox 403 2818 475 2854; x_wconf 84' lang='lat' dir='ltr'>aut</span> <span class='ocrx_word' id='word_1_197' title='bbox 519 2813 739 2853; x_wconf 73' lang='lat' dir='ltr'>consilium</span> <span class='ocrx_word' id='word_1_198' title='bbox 773 2812 898 2861; x_wconf 79' lang='lat' dir='ltr'>dare,</span> <span class='ocrx_word' id='word_1_199' title='bbox 944 2812 1163 2854; x_wconf 74' lang='lat' dir='ltr'>audientes</span> <span class='ocrx_word' id='word_1_200' title='bbox 1196 2814 1305 2855; x_wconf 81' lang='lat' dir='ltr'>enim</span> <span class='ocrx_word' id='word_1_201' title='bbox 1345 2815 1660 2866; x_wconf 74' lang='lat' dir='ltr'>existimabunt,</span> 
     </span>
     <span class='ocr_line' id='line_1_32' title="bbox 225 2887 1660 2946; baseline 0.001 -13"><span class='ocrx_word' id='word_1_202' title='bbox 225 2891 365 2946; x_wconf 79' lang='lat' dir='ltr'>ipsum</span> <span class='ocrx_word' id='word_1_203' title='bbox 410 2889 601 2931; x_wconf 83' lang='lat' dir='ltr'>officiose</span> <span class='ocrx_word' id='word_1_204' title='bbox 643 2887 834 2940; x_wconf 80' lang='lat' dir='ltr'>mentiri,</span> <span class='ocrx_word' id='word_1_205' title='bbox 882 2894 930 2928; x_wconf 84' lang='lat' dir='ltr'>ut</span> <span class='ocrx_word' id='word_1_206' title='bbox 961 2888 1075 2943; x_wconf 75' lang='lat' dir='ltr'>ipsos</span> <span class='ocrx_word' id='word_1_207' title='bbox 1109 2889 1150 2930; x_wconf 90' lang='lat' dir='ltr'>in</span> <span class='ocrx_word' id='word_1_208' title='bbox 1195 2890 1303 2932; x_wconf 82' lang='lat' dir='ltr'>viam</span> <span class='ocrx_word' id='word_1_209' title='bbox 1336 2896 1533 2944; x_wconf 82' lang='lat' dir='ltr'>revocet,</span> <span class='ocrx_word' id='word_1_210' title='bbox 1577 2903 1660 2934; x_wconf 81' lang='lat' dir='ltr'>non</span> 
     </span>
    </p>
   </div>
  </div>
 </body>
</html>
