1719 3084
583 78 969 130 ...ff-

31 226 257 298 pretium
292 220 740 283 animadvertisse,
796 239 1021 292 quanam
1056 218 1260 273 ratione
1292 237 1514 291 praepa-

33 329 149 373 rata
198 318 356 373 suerit
414 317 548 370 haec
609 314 848 369 doctrina
909 314 1196 384 animisque
1248 314 1516 367 hominum

38 413 312 466 insinuata.
408 408 739 464 Antecedunt
797 408 990 479 quippe
1042 407 1325 461 timidiores
1387 427 1516 479 quo*

38 505 268 559 rundam
321 515 569 569 conatus,
635 504 722 575 qni
770 501 1028 555 mendacii
1074 502 1310 555 latiorem
1358 512 1517 574 atque

36 600 355 656 strictiorem
423 606 834 653 commemorant
922 597 1386 667 significationem,
1464 607 1518 651 et

34 696 379 766 “proprie’'
427 693 482 746 id
529 702 731 748 tantum
770 690 1102 746 mendacium
1141 711 1258 746 esse
1305 691 1516 757 docent,

34 787 180 859 quod
235 789 588 859 perniciosum
655 788 915 840 vocabant
979 785 1203 856 antiqui,
1272 784 1519 856 j0cosum

37 891 223 936 eontra
259 881 526 954 multoque
554 881 725 950 magis
754 880 1048 934 officiosum
1076 898 1262 951 parum
1288 881 1519 952 proprie,

34 994 214 1047 neque
256 977 352 1030 nisi
387 995 484 1048 per
520 975 816 1044 analogiam
851 973 1143 1044 quandam,
1191 974 1380 1028 eodem
1424 994 1520 1027 no—

31 1071 172 1125 minc
205 1071 441 1142 insigniri
469 1068 646 1125 volunt
680 1067 766 1137 a).
837 1070 906 1124 At
929 1068 1064 1121 haec
1086 1069 1346 1123 historicis
1369 1077 1523 1123 erunt

32 1164 389 1237 relinquenda.

42 1423 99 1481 ιι)
131 1424 199 1466 Ita
243 1425 338 1480 ipse
385 1422 670 1466 Lutherus
724 1424 768 1465 in
814 1425 1100 1479 explicatione
1153 1424 1376 1466 Geneseos
1436 1422 1528 1477 (ed.

101 1496 292 1541 Walch
323 1502 423 1538 tom.
457 1496 604 1551 prim.)
637 1495 691 1537 ad
722 1510 812 1551 cap.
838 1500 906 1539 12.
939 1500 967 1549 S
984 1502 1094 1541 191:
1140 1496 1300 1539 Darum
1329 1496 1432 1538 wird
1466 1496 1530 1537 sie

104 1569 394 1624 (mendacium
425 1568 685 1623 officiosum)
716 1570 810 1611 eine
839 1570 967 1624 Liige
997 1567 1175 1613 unrecht
1205 1574 1414 1622 gemunt,
1436 1569 1529 1610 di„-

105 1644 203 1685 weil
243 1643 307 1684 sie
336 1641 542 1684 vielmehr
585 1643 680 1684 eine
710 1642 895 1696 Tugend
923 1645 1011 1685 und
1040 1642 1247 1696 Klugheit
1273 1643 1351 1695 ist,
1398 1642 1532 1683 damit

102 1716 244 1770 beyde
284 1715 360 1758 des
399 1715 576 1758 Teufels
607 1715 772 1757 Grimm
815 1715 1056 1758 verhindert
1092 1715 1178 1757 und
1222 1715 1338 1756 eines
1370 1716 1530 1757 andern

101 1790 232 1843 Ehre,
250 1789 398 1832 Leben
425 1803 465 1830 u.
486 1788 658 1831 Nutzen
690 1789 886 1841 gedienet
916 1790 1033 1832 wird.
1055 1812 1114 1819 ——
1145 1790 1172 1840 S
1191 1791 1300 1829 192:
1345 1787 1530 1841 Eigent-

103 1863 186 1905 lich
219 1864 322 1905 aber
365 1861 521 1904 heis-set
549 1862 613 1904 dis
654 1862 748 1903 eine
788 1862 972 1915 Liigen,
1010 1875 1132 1903 wenn
1162 1875 1290 1903 unser
1318 1861 1530 1903 Nachster

108 1936 195 1979 ihm
225 1950 324 1978 zum
355 1934 550 1977 Schaden
589 1948 632 1977 u.
677 1935 926 1978 Verderben
964 1935 1050 1976 und
1093 1947 1174 1976 uns
1218 1947 1317 1976 zum
1357 1934 1529 1976 Nutzen

105 2023 189 2053 von
227 2023 307 2051 uns
339 2010 547 2062 betrogen
590 2008 707 2050 wird.
767 2006 1177 2050 Melanchthon
1220 2009 1264 2049 in
1306 2008 1529 2052 Catechesi

109 2084 259 2139 puerili
292 2082 446 2137 (Oper.
465 2081 842 2135 witeberg.1562.
872 2082 990 2123 Part.
1009 2081 1068 2136 Ι.)
1101 2081 1274 2123 f01.21:
1305 2083 1406 2135 „ubi
1426 2096 1529 2124 vero

106 2157 390 2198 manifestatio
419 2160 651 2210 spontanea
688 2159 909 2209 peccatum
941 2160 1066 2208 esset,
1097 2155 1155 2196 ibi
1180 2169 1405 2198 concessae
1432 2161 1532 2197 sunt

107 2230 283 2282 figurae,
298 2242 407 2282 quae
422 2233 573 2282 tegunt
594 2228 789 2282 negotia,
808 2232 982 2270 ——tunc
999 2228 1110 2270 enim
1133 2229 1296 2281 figurae
1321 2230 1419 2270 illae
1446 2242 1530 2271 non

110 2306 209 2343 sunt
254 2302 425 2357 proprie
471 2302 704 2344 mendacia.
785 2300 896 2343 Nam
940 2301 1206 2342 mendacium
1245 2302 1417 2356 proprie
1465 2307 1532 2343 est

115 2374 362 2429 depravatio
393 2374 499 2428 ejus,
519 2375 633 2429 quod
664 2374 749 2415 dici
778 2373 946 2416 debet.⁷'
1005 2375 1069 2417 Μ.
1102 2374 1458 2416 Chemnitius
1487 2376 1531 2418 in

114 2447 246 2490 Locis
294 2446 479 2500 theolog.
528 2447 785 2501 (Witeberg.
824 2451 938 2489 1615
968 2447 1066 2502 fol.)
1107 2449 1222 2490 Part.
1241 2447 1297 2488 H.
1343 2462 1439 2503 pag.
1459 2451 1531 2490 93.

112 2520 349 2562 Universae
390 2517 652 2572 Theologiae
683 2521 881 2574 Systema
926 2525 1073 2562 autore
1120 2520 1168 2562 C.
1214 2519 1268 2562 E.
1313 2520 1534 2564 Broch-

116 2605 274 2636 mann
317 2593 492 2648 (Ulmae
532 2591 685 2646 1664.)
745 2592 812 2635 De
853 2593 976 2646 Lege
1015 2606 1052 2634 c.
1081 2595 1150 2634 15.
1191 2599 1294 2636 sect.
1320 2598 1362 2636 2.
1394 2599 1533 2650 qu.1:

118 2666 310 2709 “Verum
348 2666 528 2707 rotunda
568 2671 809 2708 nostrorum
848 2665 1144 2719 theologorum
1197 2669 1415 2723 responsio
1446 2674 1533 2710 est:

118 2740 234 2794 quod
262 2740 393 2783 veluti
423 2739 683 2782 mendacium
708 2739 905 2793 jocosum
935 2744 979 2780 et
1007 2739 1241 2783 officiosum
1258 2742 1429 2796 proprie
1450 2755 1533 2784 non

119 2817 186 2854 est
213 2813 500 2866 mendacium,
539 2814 600 2855 ita
636 2826 716 2855 nec
745 2813 871 2855 rebus
899 2825 1000 2855 vere
1041 2815 1161 2856 malis
1201 2815 1417 2859 accenseri
1456 2816 1537 2856 de·-

119 2883 258 2926 beat.’'
317 2886 345 2927 J
357 2884 433 2928 oh.
467 2887 624 2928 Conr.
656 2885 800 2928 Diirr
840 2885 1072 2943 compend.
1117 2887 1384 2943 Theologiae
1426 2888 1528 2930 Μο-
