1719 3084
630 67 1018 120 *15*-

71 207 228 271 sciat,
284 205 371 278 qui
420 208 653 278 profert,
706 207 800 261 sed
854 207 920 261 de
963 208 1024 262 iis
1080 217 1306 277 tantum,
1358 216 1546 286 quibus

71 308 338 353 asseratur
374 299 595 372 aliquid,
647 322 750 374 quo
788 322 943 356 sensu
979 303 1121 358 haud
1159 308 1316 377 pauci
1367 317 1419 363 et
1466 312 1545 363 in-

69 394 408 464 teliigendam
444 405 691 468 putarunt
726 396 859 450 illam
896 395 1188 453 doctrinam
1224 411 1279 457 et
1304 421 1545 476 compro-

68 488 295 541 bandam
321 489 422 560 n),
483 510 578 562 per
629 492 881 563 quasdam
943 495 1220 548 verborum
1288 498 1544 569 ambages

69 582 341 653 vulgarem
413 584 624 638 tradere
690 585 1147 657 deprehendentur
1217 593 1539 648 sententiam.

70 676 211 730 Nihil
261 678 397 731 enim
444 677 661 732 interest
716 679 882 746 aliud,
933 681 976 733 si
1014 681 1139 752 quid
1175 682 1355 751 videa,
1404 686 1541 742 inter

67 771 409 824 asserendum
468 771 657 842 aliquid
713 772 958 843 idemque
1006 775 1304 846 simpliciter
1360 779 1539 835 dicen-

68 863 223 930 dum,
274 865 369 918 nisi
406 864 580 935 quod,
631 884 767 936 quae
815 867 1118 933 asserinmS,
1159 889 1223 924 ea
1261 875 1538 931 autoritate

65 966 248 1010 nostra
306 958 601 1010 confirmari
651 958 867 1030 aiiisque
918 961 1223 1030 persuaderi
1272 968 1538 1038 volumus3

63 1050 206 1103 unde
241 1051 506 1122 sequitur,
555 1070 660 1104 non
702 1072 860 1124 posse
897 1054 1039 1117 fieri,
1079 1057 1230 1126 quin,
1282 1063 1370 1132 qui
1406 1063 1538 1118 salsa

63 1145 234 1199 sciens
281 1154 510 1210 asserat,
566 1146 692 1200 alios
745 1145 922 1199 fallere
969 1147 1102 1201 velit.

204 1287 359 1349 Quae
406 1307 566 1362 quum
610 1287 684 1342 ita
731 1306 790 1342 se
825 1288 1082 1356 habeant,
1131 1309 1303 1364 neque
1346 1292 1537 1350 idonea

63 1382 216 1438 allata
278 1384 379 1437 sint
456 1381 850 1435 mendaciorum
925 1385 1035 1437 sine
1095 1384 1304 1440 fallendi
1362 1390 1534 1444 animo

63 1477 299 1550 exempla
329 1476 420 1547 o),
466 1475 637 1542 unde,
687 1486 807 1531 utro
844 1495 1002 1531 sensu
1049 1477 1187 1531 hanc
1241 1480 1534 1537 doctrinam

60 1572 376 1628 intellectam
415 1570 669 1626 voluerint
733 1580 973 1638 autores,
1024 1572 1430 1644 perspiciamus,
1476 1574 1534 1630 id

56 1810 110 1867 η)
142 1812 402 1854 Amesius
446 1810 489 1851 in
519 1808 711 1850 Medulla
740 1807 868 1851 theol.
915 1810 942 1850 l.
966 1809 1021 1852 II.
1071 1824 1106 1852 c.
1129 1812 1199 1852 21.
1243 1811 1368 1862 §me
1415 1813 1530 1855 “In-

115 1887 248 1928 tentio
276 1883 470 1935 fallendi,
513 1883 702 1937 quamvis
741 1895 911 1937 semper
939 1882 1030 1925 fere
1061 1884 1346 1925 testimonium
1376 1884 1527 1930 falsum

114 1959 188 2014 (οε
219 1957 484 2001 mendacium
513 1956 587 1998 cfr.
617 1958 644 2008 ἓ
666 1955 761 2010 18.)
808 1956 1059 2008 comitetur,
1089 1969 1174 1997 non
1205 1960 1271 1997 est
1301 1961 1440 1999 tamen
1471 1960 1526 2001 de

108 2033 222 2074 illius
262 2030 466 2081 essentia,
516 2042 653 2083 neque
695 2029 934 2071 necessario
978 2029 1206 2084 requiritur
1248 2029 1304 2071 ad
1349 2033 1527 2073 menda—

110 2107 246 2158 cium,
291 2103 479 2158 quamvis
523 2104 634 2145 enim
678 2103 771 2156 quis
810 2103 998 2155 noverit,
1042 2103 1161 2145 illum
1192 2116 1288 2145 cum
1319 2117 1403 2157 quo
1433 2107 1525 2159 agit

109 2193 192 2223 non
239 2191 366 2234 posse
415 2188 492 2218 suo
547 2175 768 2218 mendacio
815 2176 929 2227 falli,
978 2176 1015 2217 si
1066 2181 1207 2217 tamen
1250 2178 1522 2223 intentionem

109 2254 317 2296 falsum
364 2249 664 2292 asserendi
711 2247 864 2291 habeat
918 2249 960 2290 in
996 2249 1200 2302 dicendO,
1252 2252 1521 2296 nihilominus

106 2326 319 2377 mentitur,
347 2337 473 2378 quam
501 2323 538 2364 si
558 2321 729 2364 fallendi
759 2336 879 2377 spem
902 2320 1116 2364 haberet.'⁷
1147 2323 1174 2373 ἓ
1194 2325 1265 2364 23.
1298 2347 1355 2354 ——-
1385 2325 1520 2367 For-

104 2398 253 2442 besii
294 2396 421 2438 theol.
468 2397 637 2438 moralis
679 2397 705 2437 l.
724 2395 800 2437 IX.
852 2409 887 2437 c.
918 2399 958 2437 8.
1010 2408 1130 2450 prop.
1156 2397 1197 2435 8.
1243 2396 1357 2446 §19.
1434 2399 1517 2441 Fr.

104 2470 354 2526 Lycheti
400 2469 734 2511 Commentarius
778 2470 821 2511 in
865 2470 984 2510 Scoti
1030 2469 1298 2522 quaestiones
1340 2471 1384 2511 in
1422 2470 1516 2513 LL.

104 2547 186 2588 SS.
221 2543 487 2598 (adjungitur
522 2545 564 2585 in
595 2542 661 2584 ed.
695 2543 884 2597 Operum
914 2542 1033 2584 Scoti
1078 2541 1219 2594 Lugd.
1256 2545 1383 2585 1639.
1414 2543 1514 2598 sol.)

103 2619 157 2661 ad
187 2617 473 2672 quaestionem
503 2618 545 2658 in
577 2618 603 2658 Ι.
622 2615 696 2657 111.
725 2615 821 2656 dist.
849 2618 920 2655 38.
958 2616 1123 2656 unicam
1154 2628 1195 2655 n.
1220 2616 1248 2655 2
1271 2620 1314 2657 et
1340 2620 1382 2658 5.

45 2701 92 2756 ο)
127 2702 175 2743 111
206 2700 411 2755 exemplis
439 2698 619 2752 Lycheti
665 2699 692 2740 1.
716 2711 752 2739 c.
799 2709 839 2738 n.
870 2700 899 2738 5
943 2701 986 2737 et
1020 2699 1074 2738 16
1116 2708 1200 2738 non
1246 2694 1514 2740 desideratur

97 2775 174 2816 sed
218 2776 322 2815 latet
363 2771 671 2827 quodammodo
723 2769 895 2812 fallendi
941 2769 1156 2820 voluntas,
1203 2768 1310 2814 alios
1354 2777 1509 2824 autem,

98 2848 169 2901 qui
204 2848 244 2889 in
276 2847 379 2890 hanc
408 2860 495 2889 rem
529 2846 721 2900 exempla
751 2843 991 2894 attulerint,
1028 2841 1184 2885 nescio.
