1698 3084
703 50 1094 102 -94-..

151 188 304 256 dum⁷
353 188 515 244 altera
554 189 828 259 negativa,
874 209 941 244 ne
981 191 1145 246 salsae
1189 196 1446 268 opinionis
1486 205 1637 252 auto-

147 303 235 340 res
284 284 392 338 aliis
447 283 672 338 existere
718 283 967 353 velimus,
1027 289 1247 343 sumitur
1297 302 1473 347 autem
1523 301 1639 348 tan-

148 399 305 453 quam
344 397 684 443 concessum,
737 380 1039 454 ubieunque
1092 402 1198 437 non
1235 386 1532 457 obligemur
1570 385 1640 439 ad

146 492 328 527 verum
379 472 814 543 significandum,
863 476 934 532 ibi
993 480 1103 533 sine
1150 481 1251 535 ulla
1295 482 1429 554 juris
1483 480 1641 534 viola.

145 570 289 623 tione
325 586 485 640 posse
533 568 663 622 salsa
699 591 730 623 a
779 574 929 628 nobis
969 575 1271 645 significari.
1348 576 1504 637 Quae
1554 595 1640 630 res

142 664 305 734 longe
344 662 493 716 aliter
544 684 664 719 sese
699 665 893 734 habet3
945 677 1026 722 est
1077 669 1242 737 enim,
1301 670 1457 725 sicuti
1505 671 1642 725 inter

141 778 267 814 vera
348 758 530 812 dicere
615 769 670 815 et
738 764 946 817 mentiri
1020 763 1307 832 silentium,
1403 766 1479 820 ita
1562 766 1642 819 in-

140 863 224 910 ter
305 854 484 909 fallere
553 865 608 911 et
674 876 788 911 rem
880 859 1104 932 aliquam
1186 860 1489 934 simpliciter
1575 879 1641 915 ac

141 953 348 1007 sineere
433 949 670 1005 indicare
742 954 957 1008 tertium
1045 954 1258 1027 aliquod
1349 954 1638 1027 reliquum,

137 1057 198 1103 ut
243 1066 417 1117 neque
467 1066 531 1100 eo
584 1046 797 1100 consilio
850 1050 1136 1118 quiequam
1193 1048 1478 1113 saciamUS,
1531 1065 1638 1117 quo

139 1145 274 1199 haec
310 1142 391 1198 vel
427 1142 512 1196 illa
546 1161 632 1197 res
682 1145 748 1196 ab
799 1144 908 1197 aliis
957 1143 1304 1214 intelligamr,
1353 1161 1529 1213 neque
1581 1142 1638 1197 id

137 1257 390 1310 agamus,
429 1245 492 1291 ut
528 1237 642 1293 falsi
681 1237 874 1307 aliquid
912 1237 978 1290 ab
1023 1237 1083 1290 iis
1121 1256 1217 1309 pro
1255 1256 1380 1291 vero
1417 1237 1635 1310 arripia-

137 1344 256 1400 tur,
308 1331 404 1387 sed
450 1339 511 1385 ut
547 1340 665 1398 aut,
719 1351 1039 1404 quoeunque
1077 1334 1344 1389 vocaverit
1381 1333 1634 1400 officium,

137 1449 202 1482 eo
266 1443 579 1498 sequamur,
646 1426 772 1498 quid
835 1427 919 1480 alii
983 1425 1109 1480 inde
1170 1428 1273 1484 sint
1333 1427 1634 1484 conclusuri

134 1523 292 1596 plane
333 1519 539 1586 securi,
594 1530 685 1576 aut
726 1541 1036 1589 caveamus,
1093 1532 1353 1595 quatenus
1390 1523 1503 1578 sine
1540 1521 1635 1576 fal-

133 1617 278 1673 laciis
324 1616 440 1670 fieri
494 1617 694 1688 possit,
765 1636 833 1672 ne
882 1617 991 1672 aliis
1039 1619 1364 1686 innotescat,
1413 1620 1457 1674 si
1505 1618 1632 1692 quid

132 1734 225 1768 eos
265 1712 492 1766 celatum
536 1713 768 1768 velimus.
843 1714 999 1776 Quae
1036 1733 1199 1787 quum
1235 1714 1311 1768 ita
1353 1713 1484 1781 sint,
1534 1733 1628 1787 ap-

129 1818 310 1883 pavet,
349 1826 454 1861 nan
491 1826 652 1879 posse
688 1809 832 1875 fieri,
872 1810 1030 1882 quin,
1070 1808 1272 1864 etiamsi
1308 1827 1516 1863 summa
1548 1809 1627 1862 in·-

121 1904 264 1978 juria
297 1902 656 1976 postulaturus
696 1904 880 1958 suisset
919 1904 1078 1971 alter,
1125 1912 1185 1958 ut
1218 1902 1316 1975 ipsi
1366 1902 1502 1958 haec
1546 1905 1627 1960 vel

127 1997 212 2051 illa
258 2016 343 2051 res
395 2016 429 2050 a
484 1999 636 2068 nobis
699 1999 1050 2062 indicaretur,
1112 1997 1393 2072 injustitiae
1447 2007 1624 2053 tamen

126 2110 387 2165 persaepe
426 2109 523 2145 nes
572 2091 858 2146 reddamus
895 2111 1050 2157 reOS‚
1101 2093 1171 2157 si,
1212 2100 1317 2144 non
1359 2091 1623 2148 indicasse

125 2205 316 2259 parum
354 2187 612 2251 contenti,
652 2187 863 2242 fallaciis
899 2208 1020 2241 eum
1054 2187 1281 2240 ludibrio
1312 2186 1619 2243 habeamus.

124 2281 306 2342 Quum
347 2279 510 2350 igitur
561 2280 796 2335 fallaciae
844 2283 948 2338 sint
1003 2282 1218 2356 quidem
1270 2280 1619 2350 damnandae,

123 2375 331 2448 quoties
370 2374 452 2428 alii
487 2374 608 2449 jure
651 2375 927 2448 gaudeant
975 2397 1089 2432 rem
1128 2377 1352 2450 aliquam
1400 2396 1432 2430 a
1468 2377 1619 2431 nobis

122 2471 517 2542 cognoscendi⁷
555 2490 661 2525 non
696 2472 899 2544 possint
941 2482 1148 2539 autem,
1186 2471 1393 2542 quoties
1429 2471 1495 2525 illi
1529 2471 1618 2527 tali

110 2564 235 2640 jure
277 2565 658 2634 destituantur,
697 2568 843 2642 juste
880 2567 1152 2622 adhiberi:
1203 2567 1470 2637 sequitur,
1508 2585 1614 2620 non

120 2680 238 2715 esse
275 2661 326 2713 in
375 2662 476 2716 isto
516 2663 736 2717 aliorum
781 2665 903 2737 jure
941 2683 1122 2718 verum
1159 2672 1341 2716 nostra
1395 2681 1498 2734 ope
1535 2662 1612 2715 in-

119 2755 392 2828 telligendi
430 2756 730 2830 ponendam
765 2758 1057 2823 rationem,
1098 2776 1193 2811 eui·
1228 2757 1402 2811 illicita
1436 2776 1467 2810 a
1500 2756 1610 2810 liei-

115 2851 182 2906 tis
240 2850 628 2923 distinguantur
682 2853 891 2908 fallendi
949 2853 1214 2925 exempla,
1275 2851 1371 2907 sed
1426 2870 1610 2907 cumu-
