1698 3084
602 83 993 139 *121*

45 230 198 293 tatis,
250 226 479 280 omnium
516 224 773 297 denique,
823 243 961 296 quae
1009 241 1072 276 ex
1117 237 1360 277 sermone
1408 241 1534 293 pro-

45 321 385 384 ficiscuntur,
435 321 694 372 bonorum
730 316 831 370 vim
871 327 1028 388 atque
1077 315 1369 370 efficaciam
1405 334 1534 387 gra-

46 414 266 468 vissimis
324 411 652 484 depinxerint
689 411 874 464 verbis.
973 408 1304 476 ⁶⁴P011amus,
1364 411 1532 483 inquit

51 507 306 571 Naebe,
344 506 519 577 legem
547 525 725 559 verum
757 503 1002 575 loquendi
1038 523 1143 556 uno
1181 504 1235 557 in
1267 504 1386 558 loco
1425 507 1532 559 vio-

49 602 176 666 lari,
223 602 380 656 etiam
428 600 565 653 nullo
605 599 916 654 detrimento
965 596 1257 651 hominibus
1314 608 1531 654 externo

46 695 218 750 illato:
268 692 395 766 quid
431 694 531 746 hac
567 712 672 745 una
709 692 1018 763 exceptione
1065 690 1363 748 efficietur?
1433 694 1530 749 Ju-

51 787 221 852 stitia‚
299 805 436 857 quae
492 786 649 840 vitam
697 784 965 838 hominum
1008 784 1176 855 regit,
1232 790 1533 843 necessario

53 881 303 953 paulatim
352 880 646 944 evanescit‚'
700 877 911 950 publica
955 876 1088 932 fides
1128 878 1264 948 perit
1309 880 1388 933 vel
1438 880 1536 935 du-

51 976 138 1029 bia
174 974 441 1038 redditur,
492 973 664 1025 omnia
697 971 929 1037 vincula,
981 972 1166 1042 quibus
1216 973 1319 1026 vita
1354 972 1537 1028 dome-

53 1070 213 1134 stica,
269 1067 453 1130 aivins,
503 1064 857 1118 ecclesiastica
911 1066 1236 1131 continetur,
1285 1085 1538 1140 rumpun-

53 1174 166 1218 tur:
218 1162 390 1216 cmnia
426 1159 712 1232 promissa,
763 1159 936 1213 omnia
971 1168 1159 1231 pacta,
1194 1161 1366 1214 omnia
1389 1163 1540 1234 jura-

55 1265 237 1312 menta
280 1256 482 1309 incerta
532 1272 595 1306 ac
629 1252 775 1306 irrita
809 1255 965 1307 fiunt:
1015 1253 1172 1306 timor
1208 1254 1406 1309 animos
1442 1257 1538 1311 ho-

54 1351 251 1405 minum
289 1356 550 1420 perpetuo
586 1344 807 1412 invadit,
852 1365 920 1399 ne
956 1346 1042 1399 hic
1078 1346 1258 1414 iiieve,
1307 1369 1537 1421 quocum

54 1462 323 1499 sermones
389 1441 615 1504 habeas,
690 1449 850 1511 pacta
907 1439 1252 1514 compingas,
1317 1446 1539 1514 negotia

54 1546 279 1598 tractes,
338 1533 615 1590 mendacio
672 1532 839 1587 fallat:
898 1543 1024 1587 ‘tunc
1081 1534 1177 1605 piis
1216 1536 1413 1592 artibus
1472 1560 1538 1594 ac

55 1631 326 1686 fraudibus
353 1630 525 1683 aditus
550 1627 741 1681 iterum
765 1636 939 1698 patet:
967 1639 1095 1682 tunc
1115 1639 1357 1701 parentes
1389 1632 1534 1687 deci-

55 1727 205 1798 piunt
220 1725 428 1790 liberos,
441 1722 589 1777 liberi
601 1729 865 1794 parentes,
895 1740 1086 1777 uxores
1100 1724 1331 1791 maritos,
1346 1726 1535 1782 fratres

55 1819 261 1884 fratres,
291 1818 442 1871 amici
456 1817 669 1882 amicos,
694 1824 1015 1870 mercatores
1042 1825 1285 1886 emtores,
1303 1820 1440 1875 cives
1462 1823 1536 1874 ci-

55 1932 143 1969 ves
163 1922 218 1968 et
248 1913 508 1985 principes
537 1908 788 1966 subditos.
845 1910 975 1971 Quis
996 1911 1183 1967 modus
1201 1933 1266 1968 ac
1283 1917 1533 1971 terminus

55 2016 185 2062 tunc
220 2006 377 2060 statui
412 2006 606 2079 possit,
639 2021 801 2074 quum
835 2005 1055 2077 quisque
1076 2006 1171 2059 sibi
1199 2009 1534 2079 persuadeat,

56 2101 251 2155 lic-itum
289 2119 406 2154 esse
442 2119 582 2154 nunc
616 2099 751 2153 haec
783 2117 924 2154 nunc
968 2101 1050 2155 ilia
1097 2100 1233 2155 mala
1281 2121 1313 2156 a
1361 2121 1448 2168 se,
1503 2125 1535 2158 a

57 2196 163 2251 suis
211 2195 427 2266 aliisque
473 2224 543 2233 —
586 2192 862 2248 mendacio
911 2192 1198 2248 defendere
1247 2213 1536 2266 eorumque

58 2290 212 2346 saluti
260 2288 604 2361 prospicere?
677 2288 799 2348 Qua
835 2305 895 2339 rc
924 2287 1152 2360 justitia,
1190 2287 1352 2354 fides,
1401 2290 1534 2346 vitae

50 2382 408 2458 jucunditates
456 2389 707 2455 pereunt,
764 2381 867 2436 vita
915 2382 1142 2435 humana
1189 2383 1535 2438 tristissimam

58 2477 225 2532 induit
261 2477 517 2542 formam,
565 2477 639 2530 ita
686 2483 746 2528 ut
797 2494 900 2529 non
948 2475 1166 2548 amplius
1231 2477 1362 2543 vita,
1435 2477 1533 2532 sed

58 2570 390 2626 mendacium
429 2590 544 2625 esse
582 2570 849 2624 videatur''
874 2569 968 2642 y).
1043 2571 1300 2625 Fatemur
1337 2581 1530 2638 autem,

61 2666 294 2734 quamvis
334 2665 438 2718 hoc
474 2674 842 2737 argumentum
872 2666 988 2738 plus
1027 2665 1247 2731 habeat,
1282 2665 1325 2721 si
1349 2665 1534 2721 adver«

53 2809 111 2865 υτ)
145 2811 396 2852 Dissertatio
428 2823 522 2852 cum
555 2811 607 2851 <le
636 2809 854 2852 mendacio
888 2811 928 2850 in
961 2822 1118 2862 genere
1150 2814 1238 2851 tum
1271 2814 1349 2851 etc.
1381 2823 1476 2864 pag.
1492 2813 1532 2850 9.

114 2885 312 2928 Pictet
342 2889 379 2928 la
411 2888 571 2929 morale
603 2886 841 2929 chretienne
877 2886 900 2926 1.
922 2884 996 2926 Vl.
1027 2898 1062 2925 c.
1085 2888 1149 2926 13.
1195 2888 1411 2939 pag.i.²61.
