1719 3084
704 76 1098 130 ...38-

156 219 517 280 Quamobrem
573 237 762 272 novam
816 216 1074 272 inducunt
1138 217 1413 292 falsiloquii
1469 220 1642 276 notio-

157 330 305 378 nem,
357 313 506 384 cujus
547 333 610 366 ea
647 313 713 368 sit
748 314 852 378 viS,
904 321 990 377 ut,
1040 313 1093 366 in
1132 332 1475 386 quascunque
1512 315 1642 368 inci-

159 405 333 460 derint
371 406 602 461 fallacias
656 408 878 462 caeteris
917 407 1157 461 omnibus
1205 409 1462 463 mendacii
1508 409 1644 463 notis

156 500 423 571 insignes,
487 520 583 556 eae
632 503 926 574 falsiloquia
974 502 1238 555 communi
1295 505 1504 557 nomine
1554 522 1645 557 vo-

159 604 374 660 centur,
413 596 549 649 inter
601 616 665 649 ea
703 615 885 650 rursus
925 615 1274 668 quaecunque
1318 598 1442 670 ipsis
1476 597 1649 670 turpia

155 690 269 744 visa
320 690 543 754 fuerint,
592 689 872 743 mendacia
916 690 1238 764 judicentur.
1275 721 1347 730 ·-—
1409 693 1477 746 At
1524 692 1649 745 huic

162 784 437 838 doctrinae
505 785 782 856 quominus
845 786 1219 852 assentiamur,
1279 785 1423 839 haud
1477 804 1649 858 pauca
1718 814 1719 832 ι

158 879 534 950 impedimento
573 889 706 934 sunt.
779 880 1021 934 Primum
1058 882 1194 935 enim
1230 890 1405 952 patet,
1440 881 1482 935 si
1514 881 1650 934 haec

159 973 445 1028 definiendi
494 973 632 1030 ratio
670 973 844 1027 valere
895 974 1116 1041 debeat,
1159 975 1398 1030 subtrahi
1435 975 1652 1029 menda-

161 1070 363 1123 ciorum
427 1089 621 1123 nomen
689 1070 1016 1124 sermonibus
1079 1070 1349 1124 hominum
1410 1070 1652 1142 vitaeque

161 1165 456 1232 communi,
506 1163 649 1217 unde
690 1171 868 1218 tamen
904 1164 1185 1219 oriundum
1228 1185 1346 1220 esse
1392 1175 1654 1222 monstra-

161 1259 342 1313 vimus.
480 1259 694 1313 Etenim
762 1260 876 1330 quis
950 1270 1032 1314 est
1093 1259 1368 1325 indoctuS‚
1441 1259 1529 1330 qui
1599 1257 1653 1310 in

161 1361 309 1407 tanta
359 1352 641 1407 doctorum
701 1353 931 1406 virorum
981 1353 1307 1408 dissensione
1356 1353 1502 1406 circa
1549 1352 1654 1406 sin-

161 1448 289 1517 gula
341 1448 635 1518 falsiloquia
690 1448 771 1499 vel
825 1447 1129 1501 excusanda
1180 1448 1260 1501 vel
1305 1445 1655 1520 improbanda

158 1540 213 1594 id
252 1542 351 1594 sibi
398 1551 599 1608 sumat⁷
650 1550 738 1607 ut,
790 1561 1054 1614 quaenam
1090 1561 1274 1596 corum
1311 1543 1484 1616 turpia
1533 1542 1652 1607 sint,

162 1634 515 1702 constituere,
580 1656 750 1708 eaque
815 1638 1060 1708 imposito
1119 1636 1383 1691 mendacii
1443 1637 1655 1690 nomine

162 1727 494 1800 distinguere
534 1730 768 1785 audeat?
860 1732 991 1793 Quis
1027 1751 1190 1805 porro
1228 1733 1355 1786 alios
1398 1731 1654 1803 intelliget

160 1822 440 1876 mendacia
503 1837 1004 1892 commemorantes.,
1077 1828 1173 1881 nisi
1231 1827 1544 1899 quibuscum
1606 1826 1654 1878 ei

162 1927 317 1970 antea
379 1921 683 1974 convenerit
747 1919 815 1973 de
864 1921 1141 1980 honestate
1203 1922 1283 1975 vel
1329 1918 1654 1993 turpitudine

163 2011 490 2082 singulorum
560 2015 1013 2087 falsiloquiorum?
1121 2015 1331 2070 Deinde
1389 2034 1546 2081 vern,
1608 2014 1656 2068 si

163 2125 322 2176 quam
360 2109 698 2163 autoritatem
734 2110 1068 2164 tribuendam
1108 2130 1382 2165 censemus
1418 2111 1654 2166 testimo-

161 2201 249 2254 nio
297 2221 423 2256 usus
460 2203 709 2276 loquendi
760 2225 858 2278 per
896 2207 1070 2259 omnia
1109 2207 1206 2260 sibi
1245 2206 1531 2260 constantis
1568 2223 1652 2258 se-

164 2295 308 2362 cula,
357 2298 643 2372 rejicienda
683 2302 809 2366 erit,
865 2320 1023 2373 quam
1058 2299 1342 2368 inducunt,
1391 2298 1653 2355 mendacii

163 2389 410 2446 definitio,
505 2394 718 2448 Etenim
773 2395 1070 2449 concedere
1122 2396 1393 2468 cogimur,
1449 2403 1653 2450 tantum

163 2487 381 2554 abesse,
441 2497 529 2555 ut,
588 2490 857 2544 nominato
908 2489 1216 2559 mendaciO,
1273 2488 1650 2564 turpitudinem

166 2633 194 2640 ,-

220 2726 348 2767 animi
392 2730 525 2772 nostri
568 2743 690 2773 sensa
724 2731 900 2773 celando
943 2731 1010 2773 vel
1042 2731 1260 2773 moraliter
1290 2728 1441 2771 salsum
1472 2728 1652 2781 loquen-

223 2800 304 2852 ‹}0‚
351 2806 580 2855 utrumque
614 2805 800 2858 licitum,
848 2809 976 2861 atque
1024 2810 1113 2848 tum
1161 2803 1444 2858 falsiloquium
1475 2802 1650 2846 menda-

226 2873 338 2916 cium
371 2888 454 2918 non
487 2875 591 2919 est.'’
