1698 3084
606 38 852 132 9109
923 106 991 114 ..-

50 224 233 299 judicii
267 223 482 278 militum
519 239 677 292 saepe
713 237 779 272 ne
813 216 1138 289 imperatoris
1173 211 1412 284 quidem3
1450 214 1529 279 iis,

57 319 155 372 nisi
214 317 350 371 forte
396 334 508 369 rem
555 313 703 366 aliter
752 329 868 365 sese
902 309 1099 362 habere
1151 316 1298 362 certo
1347 305 1530 371 sciant,

52 411 256 485 justum
294 428 413 463 esse
451 407 674 472 bellum,
734 405 787 458 in
833 421 936 476 quo
985 401 1148 472 igitur
1194 409 1248 454 et
1281 399 1329 452 vi
1364 399 1439 452 uti
1473 397 1532 449 li-

60 512 180 556 ceat
240 511 295 556 et
356 499 598 565 fallaciis,
680 496 1034 567 quodcunque
1094 492 1265 566 patria
1306 490 1534 563 jusserit-

56 596 212 648 Haec
243 596 509 648 hactenus

200 687 356 740 Licet
413 705 537 740 vero
601 685 745 739 hisce
801 679 1092 734 constitutis
1146 679 1411 734 absolutus
1471 680 1538 733 sit

58 780 332 833 universus
369 779 439 832 de
489 777 700 831 fallaciis
736 777 910 839 locu5‚
958 783 1213 846 quatenus
1257 773 1439 826 influat
1485 772 1537 824 in

61 872 289 926 ethicam
325 870 581 925 mendacii
632 870 1068 934 aestimationem,
1121 886 1226 921 non
1260 883 1537 938 possumus

59 975 270 1032 tamen,
345 966 469 1036 quin
505 982 569 1015 ea
607 962 824 1015 artificia
858 962 1017 1014 verbo
1055 977 1540 1023 commemoremus,

63 1077 203 1131 quae
240 1066 423 1112 mutuo
463 1072 719 1108 consensu
755 1052 991 1105 adhiberi
1025 1053 1192 1108 soient
1232 1055 1285 1106 in
1330 1053 1542 1123 quibus-

62 1151 186 1206 dam
219 1150 466 1204 ludorum
503 1146 802 1218 generibus.
877 1147 1030 1207 Quae
1064 1145 1275 1217 quidem
1301 1163 1406 1197 non
1437 1145 1544 1198 veri

62 1244 284 1299 nominis
324 1262 457 1297 ¹esse
510 1240 746 1293 saliaciae
780 1239 919 1293 sacili
964 1239 1320 1310 intelliguntur
1364 1257 1542 1310 opera,

62 1325 253 1393 etenim
287 1336 340 1388 in
372 1335 433 1388 iis
473 1351 578 1386 non
612 1331 667 1386 id
703 1331 907 1403 agitur,
958 1342 1018 1387 ut
1052 1333 1326 1403 quisquam
1358 1332 1411 1384 in
1463 1349 1545 1385 er-

64 1449 240 1485 rorem
275 1428 582 1491 inducatur,
620 1443 799 1477 verum
835 1437 893 1478 ut
915 1425 1166 1498 homines,
1204 1426 1342 1478 bene
1377 1425 1546 1496 gnari,

68 1542 173 1579 non
213 1543 330 1576 esse
366 1518 718 1582 eredendum,
741 1517 1006 1588 quicquid
1043 1518 1111 1573 de
1147 1529 1291 1573 certa
1319 1518 1547 1588 quadam

67 1636 128 1671 re
176 1617 399 1686 quisque
447 1611 846 1684 significaverit,
923 1631 1042 1666 cum
1102 1613 1256 1666 animi
1318 1611 1547 1681 quadam

70 1708 421 1763 delectatione
475 1707 546 1760 ita
595 1714 970 1772 exerceantur,
1034 1715 1120 1772 ut,
1183 1724 1319 1777 quae
1363 1707 1546 1770 sciant,

73 1821 139 1855 ea
185 1801 238 1854 in
284 1809 529 1872 promptu
591 1799 789 1851 habete
839 1809 893 1853 et
936 1800 987 1852 in
1035 1818 1186 1854 usum
1243 1810 1548 1854 convertere

74 1895 354 1964 animoque
389 1895 587 1948 intento
627 1913 743 1947 esse
784 1892 1014 1959 discant;
1063 1892 1204 1946 unde
1242 1895 1398 1949 etiam
1434 1893 1550 1948 fieri

72 1989 339 2054 videmUS‚
388 1996 471 2053 ut,
520 1989 562 2042 si
598 1989 711 2060 quis
749 1986 907 2040 salsus
945 1987 1127 2053 fuerit,
1184 1988 1228 2041 is
1267 1998 1356 2043 aut
1388 1989 1548 2061 ipsius

72 2082 181 2136 ludi
215 2091 404 2136 natura
439 2092 530 2136 aut
565 2082 880 2136 collusorum
916 2098 1078 2152 opera
1113 2099 1235 2135 mox
1271 2083 1337 2134 ab
1370 2099 1551 2135 errore

73 2185 366 2230 revocetur.
441 2176 532 2228 Sin
571 2176 684 2246 quis
719 2176 791 2228 ita
827 2174 879 2226 in
915 2174 1171 2247 ejusmodi
1206 2184 1441 2230 versetur
1473 2175 1551 2229 lu-

76 2270 266 2323 dorum
301 2269 616 2340 generibus,
654 2279 712 2323 ut
748 2285 853 2321 non
889 2277 996 2322 tam
1027 2269 1134 2322 aliis
1165 2287 1381 2341 operam
1397 2288 1551 2341 prae-

77 2365 207 2417 bere
245 2362 366 2416 velit
398 2362 452 2414 in
506 2362 756 2417 tentando
801 2370 960 2431 atque
1009 2362 1304 2416 exercendo
1358 2363 1555 2435 ingenii

78 2458 161 2512 vel
197 2456 437 2510 acumine
474 2455 553 2508 vel
589 2456 883 2521 celeritate,
937 2475 1092 2526 quam
1132 2452 1260 2508 falsa
1296 2455 1555 2527 quaedam

79 2553 139 2605 iis
177 2549 499 2623 persuadere
534 2550 729 2620 gestiat
764 2558 818 2603 et
861 2548 984 2602 inde
1024 2569 1173 2602 suam
1209 2557 1427 2619 quaerat
1462 2548 1555 2602 de-

80 2646 438 2708 lectationem,
493 2651 612 2694 sunt
659 2660 755 2694 eae
791 2643 1002 2713 quidem
1044 2644 1151 2695 veri
1197 2643 1414 2696 nominis
1462 2643 1554 2695 sal«

80 2739 273 2804 luciae,
334 2747 387 2791 at
424 2732 643 2788 eaedem
679 2754 917 2806 quoque,
977 2755 1292 2808 quamquam
1338 2737 1435 2791 alia
1478 2747 1557 2792 est

22 2820 24 2822 V
79 2831 252 2902 opinio
292 2828 550 2901 vulgariS,
591 2828 822 2898 graviter
858 2830 1249 2901 improbandae.
