1703 3121
90 744 540 878 Risputaturis
593 804 741 858 nobis
794 801 862 855 de
910 801 1214 869 mendaciO,
1264 805 1333 871 si,
1373 815 1430 861 ut
1464 823 1562 879 par

96 918 202 975 est,
253 909 322 963 ad
360 928 543 962 eorum
576 909 805 980 primum
851 909 1234 979 respexerimus
1274 912 1563 978 conamina,

94 1003 183 1074 qui
235 1012 358 1056 ante
404 1021 500 1056 nos
555 1002 680 1056 satis
730 1000 1031 1073 frequentes
1084 1003 1224 1056 hune
1257 1003 1431 1058 locum
1468 1006 1567 1060 sibi

94 1105 393 1150 sumserunt
428 1093 823 1161 illustrandum,
869 1106 1057 1167 sponte
1093 1117 1211 1151 sese
1247 1099 1435 1152 offeret
1472 1101 1566 1153 ob-

94 1191 346 1255 servatiO,
387 1189 532 1261 eujus
570 1191 622 1242 in
660 1199 841 1244 nostra
876 1209 1087 1263 quoque
1135 1210 1252 1245 earn
1304 1194 1568 1264 quaestio-

95 1303 215 1338 nem
239 1284 502 1340 tractandi
525 1285 730 1339 ratione
757 1284 900 1338 haud
929 1286 1179 1357 exiguum
1208 1284 1422 1342 debebit
1449 1306 1568 1342 esse

91 1389 429 1434 momentum.
473 1411 543 1418 -—-
613 1380 818 1434 Eorum
876 1380 1065 1434 etenim
1130 1381 1172 1435 si
1221 1380 1567 1452 paucissimos

93 1472 349 1545 quosdam
386 1474 686 1545 exceperis,
746 1473 834 1545 qui
870 1475 1167 1529 universam
1203 1475 1567 1546 quaestionem

92 1568 166 1622 ita
194 1567 418 1639 amplexi
446 1577 593 1633 sunt,
618 1576 678 1621 ut
711 1576 767 1622 et
793 1568 991 1622 notioni
1015 1568 1273 1623 mendacii
1299 1568 1568 1623 eruendae

93 1671 148 1716 et
182 1661 416 1734 ejusdem
454 1660 523 1713 ad
559 1661 709 1732 leges
749 1663 1104 1717 eonscientiae
1151 1662 1390 1718 relationi
1425 1665 1566 1718 inve-

92 1755 316 1809 niendae
365 1775 547 1828 parem
590 1754 962 1827 impenderent
1016 1775 1262 1829 operam,
1327 1766 1565 1812 caeteros

94 1869 274 1904 omnes
289 1849 596 1903 miro'modo
614 1850 939 1904 consensisse
955 1848 1320 1923 deprehendes
1337 1851 1387 1904 in
1405 1871 1566 1924 quae-

93 1945 262 1999 stione
296 1945 367 1999 ita
399 1945 714 2012 mutiianda,
764 1954 824 2000 ut
869 1944 950 1997 alii
990 1943 1321 2014 (scholastici
1355 1948 1564 2018 praeei-

96 2058 204 2112 pue
243 2039 490 2095 doctores
540 2050 593 2095 et
640 2042 728 2113 qui
775 2057 958 2093 eorum
1005 2050 1250 2111 premunt
1309 2042 1562 2115 vestigia)

92 2135 145 2186 in
191 2135 455 2189 notionem
505 2133 950 2199 constituendam,
1009 2135 1345 2190 mentientem
1392 2156 1424 2190 a
1473 2137 1565 2191 fal-

91 2227 258 2294 lente,
301 2229 429 2283 salsa
466 2229 689 2296 dicente,
723 2238 932 2284 errante
961 2227 1392 2301 distinguendum
1423 2231 1564 2286 omni

95 2323 211 2375 nisu
246 2324 624 2389 incumberent,
660 2323 919 2379 mendacii
958 2333 1134 2378 autem
1172 2325 1563 2397 turpitudinem,

94 2424 343 2488 tanquam
372 2436 485 2470 rem
512 2427 564 2473 et
586 2438 684 2491 pei·
721 2438 780 2473 se
809 2418 934 2473 satis
962 2418 1166 2471 obviam
1195 2428 1246 2472 et
1269 2419 1562 2476 traditionis

91 2511 371 2565 autoritate
421 2512 556 2567 ultra
620 2532 828 2567 omnem
883 2512 1263 2567 dubitationem
1322 2515 1563 2586 positam,

91 2622 197 2657 non
233 2606 328 2659 nisi
361 2605 540 2660 leviter
576 2615 880 2679 tangerent,
937 2606 1020 2658 alii
1055 2625 1178 2659 vero
1217 2608 1559 2678 (reformata⁴

88 2717 205 2751 rum
250 2701 537 2772 praecipue
589 2701 926 2755 eeclesiarum
976 2700 1212 2771 theologi
1250 2711 1408 2775 atque
1445 2706 1558 2776 pni-

84 2792 349 2865 losophi),
406 2793 474 2849 de
511 2797 722 2850 notione
759 2793 1055 2848 definienda
1105 2814 1292 2867 parum
1340 2799 1557 2865 solliciti,

0 2907 5 2919 ν
82 2884 132 2936 in
170 2885 374 2957 legibus
415 2890 623 2952 ethicis,
676 2891 864 2962 quibus
912 2889 1221 2944 sinceritatis
1270 2899 1432 2964 atque
1471 2915 1556 2948 ve-

1154 2986 1181 3036 1
