1719 3084
733 86 1117 139 -48—-2

177 224 458 292 tuendum,
513 244 685 298 neque
730 226 1064 281 mendacium
1099 229 1214 301 ipso
1256 231 1471 284 nomine
1505 241 1665 307 turpe

178 319 272 384 sit,
312 319 464 390 quale
498 328 675 374 tamen
713 341 832 375 esse
871 321 1059 389 debet,
1099 325 1140 377 si
1175 324 1378 380 illorum
1411 345 1537 382 vera
1582 337 1665 384 est

177 413 467 477 sententia,
505 423 681 484 patet,
722 416 838 482 salli,
871 418 1172 489 quicunque
1207 420 1318 493 ejus
1357 429 1536 475 notam
1584 421 1664 476 sa-

178 505 318 559 ciant
363 507 741 577 turpitudinem
791 512 905 565 {inis
955 512 1253 566 remotioris
1293 513 1380 583 x).

318 601 546 673 Reliqua
603 612 683 657 est
738 604 1019 676 singularis
1081 605 1345 678 quaedam
1399 606 1665 661 mendacii

176 692 440 760 definitis),
494 715 632 767 quae
679 697 723 751 si
758 698 910 753 unius
946 707 1151 754 tantum
1185 701 1280 754 viri
1326 699 1665 755 commenda-

175 797 263 842 tur
312 790 625 858 autoritate,
685 802 741 846 at
787 792 921 848 illius
980 803 1159 848 tamen
1215 794 1426 849 maximi
1486 793 1664 867 deque

170 901 379 938 morum
414 883 684 958 disciplina
721 889 1062 955 meritissimi,
1099 889 1328 943 Reinh
1345 907 1416 943 ar
1432 888 1527 956 di,
1572 891 1665 962 qui

170 977 359 1045 docet,
397 980 732 1036 mendacium
768 1003 886 1037 esse
920 984 1293 1057 falsiloquium,
1332 982 1477 1055 quod
1512 1003 1663 1056 pos-

169 1074 263 1128 sit
297 1093 495 1128 nocere
533 1076 642 1132 aliis
670 1077 766 1150 y).
840 1077 1001 1138 Quod
1038 1077 1305 1150 quomodo
1339 1078 1660 1133 intellectum

167 1169 316 1236 velit,
355 1170 528 1224 fateor
564 1191 650 1225 me
685 1191 791 1224 non
828 1172 954 1226 satis
992 1172 1320 1244 perspicere:
1356 1173 1461 1227 hoc
1480 1182 1658 1228 tamen

167 1265 505 1319 manifestum
554 1285 672 1320 esse
719 1267 977 1331 arbitror,
1033 1267 1078 1320 si
1118 1268 1345 1322 strictius
1393 1268 1658 1341 interpre-

166 1360 261 1413 tati
300 1359 554 1414 fuerimus
602 1360 744 1414 istud
781 1380 1017 1433 posse,
1062 1360 1258 1415 nullum
1292 1362 1559 1417 inventum
1593 1363 1656 1417 iri

165 1454 543 1526 falsiloquium,
595 1453 739 1526 quod
787 1473 894 1508 non
942 1455 1009 1510 sit
1043 1448 1407 1524 mendacium,
1458 1458 1656 1531 quippe

163 1567 327 1620 quum
364 1548 560 1601 nullum
593 1548 727 1620 fingi
779 1557 966 1621 queat,
1023 1549 1170 1623 quod
1205 1552 1398 1606 nemini
1433 1550 1655 1607 damno-

162 1664 280 1700 sum
335 1644 571 1698 futurum
634 1662 753 1697 esse
817 1662 918 1716 pro
970 1655 1120 1701 certo
1168 1664 1412 1701 asserere
1466 1646 1653 1716 liceat;

163 1849 218 1902 x)
251 1846 448 1888 Tuentur
477 1846 585 1891 hanc
625 1851 879 1892 sententiam
909 1850 1105 1906 (praeter
1133 1851 1315 1905 multos,
1362 1851 1435 1907 qui
1463 1852 1653 1909 turpitu-

219 1920 360 1962 dinem
390 1924 600 1965 mendacii
631 1925 792 1967 faciunt
821 1931 986 1979 notam,
1017 1939 1111 1967 eam
1141 1926 1184 1967 in
1214 1927 1299 1968 fine
1325 1927 1552 1969 remotiore
1583 1929 1651 1969 la-

221 1998 314 2034 tere
346 1999 565 2050 statuunt,
618 2000 690 2053 qui
722 2006 820 2042 sunt
852 2001 895 2042 in
925 2000 1037 2041 notis
1068 2000 1418 2043 antecedentibus
1460 2015 1651 2043 comme-

220 2068 397 2122 morati)
454 2070 656 2125 Siegm.
714 2074 828 2115 Jac.
888 2074 1278 2126 Baumgarten
1326 2074 1649 2116 Ausffihrlicher

221 2143 412 2196 Vortrag
454 2144 530 2186 der
573 2145 893 2200 theologia-lien
940 2148 1080 2188 Moral
1124 2147 1274 2201 (Ilalle
1306 2147 1459 2202 1767.)
1502 2150 1645 2199 §14:3.

223 2231 322 2272 pag.
345 2220 434 2258 817
450 2234 461 2259 ι
498 2219 655 2273 Liigen
686 2221 741 2262 ist
770 2219 1052 2263 vorsetzliche
1082 2219 1355 2275 Erweckung
1385 2220 1648 2274 u111·icl1tiger

222 2291 556 2345 Vorstellungen
587 2294 684 2337 dem
715 2296 888 2337 Andern
926 2309 981 2337 zu
1011 2294 1196 2337 schaden
1226 2300 1307 2336 etc.
1349 2309 1388 2337 v.
1419 2295 1644 2337 Ammon

215 2365 418 2418 religiose
462 2366 604 2409 Moral
648 2368 743 2421 (4te
767 2371 947 2423 Aussage
980 2367 1134 2424 1806.)
1167 2370 1323 2421 ἓ230,
1363 2368 1436 2421 qui
1465 2367 1645 2410 menda-

220 2439 332 2480 cium
360 2444 486 2481 rocat
532 2441 657 2484 “eine
686 2442 977 2497 Erdiclltung,
1019 2443 1090 2484 die
1123 2442 1220 2484 dem
1250 2442 1424 2484 Andern
1454 2455 1530 2482 aus
1561 2441 1644 2482 bo—

223 2525 294 2553 ser
344 2513 522 2556 Absicht
569 2518 632 2558 als
676 2517 896 2560 Walnlleit
942 2517 1205 2569 dargeboten
1251 2515 1400 2558 wird.⁷'
1482 2516 1643 2558 Contra

214 2584 257 2624 K
275 2592 369 2626 ant
401 2593 502 2630 met.
532 2591 892 2645 Anfangsgriinde
923 2592 1000 2634 der
1029 2589 1332 2645 'rugendlehre
1369 2603 1466 2644 pag.
1481 2591 1551 2630 84.
1566 2593 1638 2633 85.

143 2665 205 2724 y)
239 2668 410 2719 system
441 2670 517 2712 der
545 2669 632 2713 chr.
665 2672 807 2714 Moral
847 2673 1069 2727 (4teAuss.
1102 2676 1217 2715 1802
1234 2670 1321 2726 sq.)
1353 2673 1509 2723 5144:
1556 2671 1640 2712 Die

219 2740 346 2793 Lfigss
375 2767 431 2773 ·-
493 2767 552 2776 ·--
610 2745 668 2787 ist
708 2746 803 2788 cine
831 2748 909 2790 mit
937 2748 1115 2790 Worten
1145 2745 1457 2800 ausgedriickte
1479 2743 1638 2785 Erida—

212 2827 348 2868 rung,
395 2815 464 2858 die
504 2821 633 2860 etwas
664 2819 817 2862 anders
849 2820 1035 2874 enthalt,
1077 2822 1139 2862 als
1171 2833 1256 2861 was
1295 2818 1372 2860 wir
1401 2817 1535 2859 selbst
1570 2818 1639 2860 fiir

222 2888 336 2932 wahr
375 2889 541 2944 hasten,
572 2905 613 2936 u.
646 2892 716 2937 die
743 2894 902 2939 andern
932 2893 1188 2950 uachtheilig
1218 2893 1387 2937 werden
1417 2893 1542 2936 kann.
