1719 3084
622 86 1004 139 -11....

79 225 310 280 volumus
376 226 753 292 fund-amenti&
817 245 914 297 pro
990 245 1112 281 vero
1178 228 1545 300 arripiendum,

81 329 264 374 contra
312 330 391 385 et,
440 339 543 392 quo
581 321 705 393 jure
739 320 794 374 id
840 320 1122 387 doceatur,
1171 322 1545 392 quaerendum,

81 423 136 467 et
181 433 467 485 paucorum
506 413 833 485 quorundam
867 434 1021 468 secus
1061 416 1388 470 sentientium
1424 436 1545 470 exa-

80 507 359 563 minandae
400 508 683 579 opiniones,
754 509 836 564 Ab
870 506 948 563 his
985 509 1076 564 fiat
1110 510 1322 564 initium.

225 694 460 749 Primum
509 698 674 768 igitur
720 695 954 766 theologi
1003 695 1242 767 quidam,
1295 715 1452 767 quam
1496 696 1549 749 in

88 789 257 842 Sacra
293 791 566 862 Scriptura
601 789 1002 860 deprehendere
1049 790 1146 843 sibi
1182 789 1275 842 visi
1313 799 1433 844 sunt
1468 809 1550 842 er-

86 881 238 935 randi
273 893 431 954 atque
476 883 762 937 mentiendi
806 883 1271 954 permutationem,
1329 903 1447 937 eam
1499 886 1552 939 in

88 976 330 1031 doctrina
377 976 445 1029 de
493 975 768 1029 mendacio
817 976 1046 1030 retinere
1091 978 1290 1043 eonati,
1347 997 1553 1033 errores

86 1089 280 1141 graves
327 1080 485 1141 atque
533 1070 854 1142 perniciosos
889 1068 1174 1124 mendaciis
1212 1091 1557 1127 annumerare

87 1183 194 1218 non
242 1164 546 1219 dubitarunt
567 1165 659 1234 g).
746 1163 906 1225 Quod
955 1164 999 1218 si
1045 1174 1192 1218 reete
1228 1167 1343 1218 fieri
1385 1166 1559 1237 'largiti

90 1260 371 1324 fuerimus,
427 1258 722 1312 concedere
773 1277 1058 1330 cogemur,
1121 1279 1238 1313 esse
1285 1260 1562 1315 mendae-ia

92 1355 204 1409 sine
252 1353 459 1408 fallendi
516 1354 793 1408 voluntate.
877 1356 969 1420 At,
1021 1353 1173 1408 sicuti
1224 1354 1325 1425 ipsi
1374 1373 1564 1425 parum

93 1449 223 1503 certi
275 1458 396 1503 sunt
443 1447 596 1520 hujus
645 1448 959 1513 sententiae,
1007 1447 1150 1500 unde
1184 1448 1272 1512 fit,
1321 1458 1380 1502 ut
1433 1468 1564 1501 non-

93 1562 358 1614 nunquam
393 1541 578 1597 latiore
620 1551 824 1596 tantum
860 1561 1018 1596 sensu
1053 1550 1108 1595 et
1143 1539 1371 1612 quodam
1404 1541 1567 1596 modo

94 1636 370 1692 mendacia
417 1636 595 1690 vocari
640 1635 879 1701 tradant,
934 1654 1065 1707 quos
1116 1634 1366 1702 diximu5‚
1421 1655 1567 1690 erro-

157 1927 263 1971 nach
295 1928 377 1970 den
409 1927 651 1982 Principien
681 1925 758 1967 der
796 1921 1216 1973 Wissensclxaftlehre
1263 1920 1442 1976 (1798.)
1473 1935 1570 1976 pag.

157 2006 258 2045 380.
319 1998 819 2044 Schleiermacher
862 1997 1140 2039 Grundlinien
1171 1997 1287 2038 einer
1315 1996 1458 2038 Krit'xk
1497 1996 1572 2038 der

158 2075 400 2130 bislnerigen
430 2072 684 2118 Sittenlehre
726 2086 824 2128 pag.
847 2074 949 2113 289.

99 2207 154 2264 g)
188 2206 534 2247 Guilielmus
564 2203 828 2245 Amesius
858 2201 901 2243 in
940 2199 1135 2243 Medulla
1153 2198 1394 2253 theologica
1417 2196 1571 2252 (Oper.

162 2279 337 2321 Amstel.
369 2282 497 2320 1658.
530 2276 696 2333 121110.)
740 2278 767 2318 1.
792 2275 847 2318 ΙΙ.
891 2278 1017 2317 c.21.
1049 2277 1074 2326 ἓ
1092 2276 1163 2314 24.
1213 2271 1468 2313 “mendacio
1497 2285 1572 2312 an—

162 2358 403 2394 numeratur
440 2351 698 2392 asseveratio
745 2351 808 2392 rei
838 2350 1023 2391 incertae
1074 2359 1152 2402 pro
1195 2350 1334 2395 certa,
1385 2345 1575 2396 quamvis

164 2432 358 2482 putemus
391 2438 484 2465 esse
513 2423 696 2465 veram?
757 2423 878 2465 Idem
915 2422 968 2464 de
998 2418 1252 2463 couscientia
1282 2421 1325 2457 et
1361 2415 1453 2469 ejus
1478 2416 1577 2469 jure

164 2502 230 2542 vel
272 2499 438 2540 casibus
487 2497 702 2551 (ibidem.)
751 2497 778 2537 l.
810 2496 863 2538 V.
907 2508 944 2537 c.
969 2498 1040 2536 53.
1087 2494 1113 2544 ἓ
1144 2495 1183 2533 4.
1212 2494 1253 2532 5.
1314 2487 1578 2542 Theologiae

164 2574 334 2616 moralis
380 2571 476 2612 libri
531 2570 677 2611 decem
730 2574 880 2610 autore
924 2568 964 2610 J.
1007 2563 1290 2608 Forbesio
1333 2575 1359 2602 a
1405 2561 1580 2603 Corse

167 2647 321 2702 (Oper.
352 2645 528 2686 Amstel.
572 2646 699 2684 1703.
729 2641 827 2695 sol.)
861 2639 984 2682 LIX.
1026 2652 1062 2680 c.
1083 2642 1123 2678 6.
1170 2639 1265 2688 §72
1317 2635 1427 2677 “ubi
1469 2636 1580 2676 enim

167 2721 260 2775 ipse
313 2730 431 2760 error
475 2723 539 2761 est
585 2719 628 2758 in
669 2731 716 2758 se
763 2714 1055 2770 perniciosus‚‘
1104 2715 1203 2751 tunc
1244 2721 1368 2750 omne
1418 2707 1580 2749 falsilo-

171 2794 337 2847 quium,
379 2805 464 2844 quo
504 2790 599 2843 quis
641 2802 825 2830 errorem
857 2787 975 2828 illum
1007 2798 1127 2826 suum
1171 2788 1349 2824 externo
1389 2793 1581 2823 sermone

159 2867 364 2919 affirmat,
394 2865 570 2907 habetur
601 2878 677 2920 pro
709 2862 943 2919 pernicioso
974 2854 1232 2901 mendacio.'’
