1698 3084
593 87 977 140 „89ss

46 229 226 283 habitu
263 227 603 290 simulaverit,
641 248 710 281 ne
746 228 797 280 in
833 228 999 298 ipsum
1033 235 1144 282 tota
1178 226 1252 280 vis
1289 225 1513 285 hostium

45 324 322 394 omniaque
371 324 473 377 teia
519 323 898 394 dirigerentur„
946 333 1035 375 aut
1083 323 1125 375 si
1163 322 1277 392 quis
1315 322 1514 393 501090-

43 427 154 472 tum
209 436 314 471 non
372 425 740 489 praeparatum
801 417 1043 470 hostibus
1090 417 1312 470 minatus
1364 417 1516 472 fuerit

45 532 234 566 vanum
289 512 376 566 teli
412 511 590 580 specie
636 520 891 563 terrorem
925 510 1239 584 injecturus,
1294 520 1347 565 et
1383 531 1516 582 quae

46 616 168 660 sunt
225 615 436 660 caetera
498 603 831 676 hujusmodi?
942 604 1081 664 Quin
1149 605 1319 676 ipsum
1375 605 1516 670 istud,

51 698 196 768 quod
228 699 338 772 jam
377 717 536 768 supra
575 698 1117 763 commemoravimus,
1149 698 1360 752 Horatii
1397 699 1517 753 arti-

47 794 257 858 ficium,
319 793 498 845 hostes
554 789 793 844 simulata
847 790 980 862 fuga
1027 792 1080 844 in
1116 809 1348 846 errorem
1396 793 1516 865 ipsis

48 884 260 939 fatalem
325 883 648 948 inducentis,
720 882 863 936 haud
945 884 1053 938 seio
1133 905 1199 938 an
1268 887 1518 942 honestae

48 976 359 1050 prudentiae
430 984 629 1029 tautum
701 995 805 1029 non
877 997 1057 1032 omnes
1128 979 1355 1033 hab-ituri
1421 983 1519 1037 sint

50 1069 356 1142 exemplum.
391 1098 462 1108 ·--
527 1069 691 1123 Haud
744 1068 956 1124 diffie-ile
1007 1072 1145 1126 foret
1193 1072 1343 1142 plura
1395 1092 1516 1126 eon-

47 1182 270 1236 gerere‚
349 1170 402 1216 at
467 1163 600 1217 haee
671 1164 907 1237 exempla
981 1166 1271 1231 sufficient,
1348 1187 1517 1239 spem,

52 1277 213 1330 quum
263 1265 318 1310 et
364 1254 524 1309 dubio
572 1265 752 1310 eareat
799 1275 981 1311 eorum
1026 1258 1303 1324 honestas»,
1351 1269 1405 1315 et
1453 1263 1520 1318 ad

54 1374 240 1408 eorum
304 1349 687 1407 similitudinem
757 1350 933 1420 plura,
1008 1352 1308 1421 quicunque
1385 1354 1518 1423 velit,

52 1448 190 1503 sacili
229 1463 393 1519 opera
427 1445 633 1515 fingere
679 1444 871 1514 possit:
922 1455 1174 1514 quantum
1221 1455 1396 1501 autem
1430 1468 1518 1502 va-

55 1543 165 1597 lere
202 1540 468 1602 debeant,
521 1536 602 1590 vel
659 1535 783 1590 inde
840 1538 1055 1611 intelligi
1108 1549 1306 1611 potest,
1358 1544 1518 1612 quod,

50 1638 139 1706 qui
177 1644 298 1690 sunt
330 1635 383 1687 in
415 1631 722 1701 quaestione
764 1640 943 1685 nostra
980 1633 1103 1688 satis
1139 1635 1277 1687 varie
1314 1639 1519 1704 versati,

51 1749 235 1784 eorum
278 1738 452 1784 tamen
497 1724 734 1798 plerique
783 1735 999 1781 eatenus
1050 1729 1408 1799 consentiunt,
1462 1743 1519 1788 ut

51 1844 209 1879 unam
259 1832 351 1877 aut
403 1820 620 1875 alteram
658 1819 911 1874 fallaciam
945 1821 1219 1876 honestam
1269 1843 1387 1879 esse
1423 1825 1518 1880 do-

52 1925 206 1972 ceant
228 1914 321 1988 g).
394 1915 513 1968 Jam
547 1932 702 1982 vern,
741 1913 785 1969 si
818 1916 1105 1986 quaedam,
1142 1917 1246 1971 imo
1283 1919 1326 1973 si
1360 1938 1520 1977 unum

49 2201 105 2260 g)
137 2202 316 2244 Praeter
344 2202 511 2243 illorum
542 2205 756 2251 catervas,
787 2198 884 2253 qui,
916 2210 1044 2253 quum
1073 2198 1298 2240 mentiendi
1314 2200 1518 2254 quaedam

112 2277 307 2331 exempla
340 2275 515 2318 honesta
545 2290 640 2318 esse
670 2279 881 2326 statuant,
911 2274 1023 2317 idem
1057 2274 1110 2316 de
1140 2275 1314 2317 fallaciis
1347 2290 1520 2320 censere

113 2353 224 2394 ultro
263 2353 581 2405 intelliguntur,
633 2366 780 2394 eorum
816 2363 984 2405 quoque
1034 2353 1219 2392 1101111111ίί
1265 2353 1308 2393 id
1353 2353 1520 2405 docent,

114 2425 185 2478 qui
216 2426 355 2466 onmia
385 2428 602 2470 mendacia
643 2429 781 2483 turpia
821 2441 916 2469 esse
953 2427 1109 2468 volunt.
1182 2427 1381 2470 Cfrantur
1420 2431 1519 2472 An-

113 2502 348 2543 toninus
378 2503 420 2544 in
451 2504 624 2545 Summa
665 2504 785 2545 P.11.
817 2505 880 2545 tit.
899 2507 968 2544 10.
998 2517 1035 2544 c.
1057 2506 1094 2544 1.
1121 2504 1213 2553 §lz
1273 2503 1415 2555 „Hine
1443 2511 1520 2557 est,

112 2578 224 2630 quod
257 2578 297 2619 in
331 2579 547 2620 mendacio
581 2581 688 2631 oris,
720 2580 834 2633 quod
865 2579 1035 2634 proprie
1065 2579 1218 2620 dicitur
1245 2579 1520 2631 mendacium,

116 2666 283 2707 semper
315 2659 379 2695 est
409 2655 466 2696 ibi
500 2662 745 2709 peccatum,
777 2656 853 2698 sed
882 2656 1093 2697 simulatio
1124 2656 1264 2709 operis
1295 2668 1379 2697 non
1409 2669 1519 2697 sem·

115 2742 192 2783 per
223 2735 289 2770 est
318 2731 579 2784 pe‹·catuin.”
639 2734 831 2774 Joann.
865 2732 1110 2773 Azorius
1142 2733 1181 2772 in
1214 2730 1394 2773 Institut.
1423 2733 1521 2772 Mo-

115 2805 176 2844 ral
206 2796 346 2846 Pqffl.
373 2807 398 2847 1.
420 2808 486 2847 13.
521 2821 556 2848 c.
575 2810 612 2848 4.
648 2822 743 2861 pag.
763 2812 873 2849 908:
920 2808 1269 2862 “Respondetur7
1300 2808 1522 2861 aliquando

118 2879 246 2922 licere
292 2880 643 2937 (simulationem)
707 2885 759 2924 ob
798 2884 958 2937 justam
1004 2896 1172 2927 causam
1218 2889 1260 2938 et
1308 2885 1525 2928 rationem,
