1719 3084
721 83 1112 136 ...Ῑό-.-

168 222 221 274 in
257 219 429 275 medio
468 221 890 294 relinquendum3
937 226 1086 279 nobis
1125 227 1357 283 breviter
1397 214 1685 300 quaeren-⁸

170 314 327 382 dum,
366 335 489 370 num
517 317 639 390 jure
675 336 770 371 suo
810 319 1126 391 scriptorum
1161 321 1400 395 plerique
1439 322 1653 377 fallendi

170 412 436 465 notionem
472 411 525 464 in
559 411 832 466 mendacio
883 414 1250 470 constituendo
1305 419 1658 472 necessariam

173 524 290 559 esse
326 506 618 560 statuerint.
691 507 764 561 Et
792 518 939 580 patet
963 510 1193 583 quidem,
1217 542 1286 550 —
1324 512 1467 583 quod
1499 512 1657 566 etiam

171 598 484 654 intellexisse
535 599 778 655 videntur
811 603 873 669 ii,
931 622 1156 676 quorum
1206 604 1366 660 modo
1424 624 1657 659 comme-

170 696 483 750 moravimus
504 694 822 763 doctrinam,
844 728 914 737 ——-
930 699 972 754 si
996 698 1065 754 ad
1083 697 1418 755 mendacium
1441 717 1546 753 non
1572 717 1659 754 re-

170 789 304 861 quiri
346 791 761 846 concesserimus
802 793 1011 847 fallendi
1047 794 1383 859 voluntatem,
1420 793 1658 847 reseren-

169 884 266 938 das
306 884 421 937 sore
456 883 527 939 ad
553 886 844 954 mendacia,
883 889 1071 961 quibus
1095 908 1217 944 cum
1243 897 1455 944 caetera
1484 887 1660 941 onmia

168 979 402 1035 habeant
439 983 766 1050 communia,
829 994 1046 1038 cunctas
1096 984 1229 1038 salsa
1265 983 1494 1039 scienter
1531 999 1656 1054 pro-

169 1074 400 1142 ferendi,
439 1095 667 1148 quonam
699 1077 914 1133 tandem
939 1077 993 1130 id
1018 1079 1111 1132 fiat
1136 1078 1367 1143 consiii0‚
1404 1076 1656 1131 rationes.

164 1170 340 1227 Erunt
378 1171 570 1242 igitur,
609 1170 665 1224 id
703 1172 746 1226 si
783 1172 959 1243 largiti
1020 1173 1300 1238 fuerimus,
1359 1170 1658 1238 mendacia,

165 1283 271 1318 non
319 1265 435 1318 iliae
487 1264 699 1338 quidem
750 1268 998 1321 orationis
1045 1269 1283 1338 figurae⁷
1335 1267 1427 1320 ubi
1478 1265 1659 1339 specie

166 1357 383 1424 falsum,
422 1377 483 1412 re
517 1359 633 1433 ipsa
667 1380 848 1415 verum
884 1361 1153 1434 profertur
1171 1361 1275 1433 P),
1315 1360 1411 1416 sed
1443 1380 1506 1414 ea
1534 1378 1657 1433 per-

164 1452 356 1518 multa,
399 1472 537 1525 quae
586 1474 619 1508 a
652 1454 850 1526 poetis,
898 1474 1072 1528 neque
1122 1465 1181 1510 ut
1216 1455 1518 1528 simpliciter
1553 1473 1654 1527 pro

165 1548 300 1602 veris
364 1547 707 1620 arripiantur,
771 1568 943 1623 neque
1005 1560 1066 1605 ut
1143 1550 1351 1605 occulte
1418 1570 1482 1604 ac
1535 1567 1660 1623 per-

169 1643 492 1697 contrarium
528 1663 708 1699 verum
745 1645 1009 1712 indicent,
1059 1645 1128 1699 ad
1179 1644 1522 1700 oblectandos
1561 1663 1656 1698 au-

167 1747 304 1804 tem,
362 1738 683 1805 movendos,
746 1740 1151 1812 permulcendos
1200 1740 1499 1795 mortalium
1546 1739 1657 1793 ani-

165 1852 280 1888 mos
322 1834 722 1905 confinguntur:
760 1835 1040 1891 mendacia
1068 1847 1237 1903 erunt,
1272 1848 1333 1892 ut
1359 1837 1457 1890 aiio
1481 1855 1656 1890 exem-

165 1928 251 2002 plo
302 1939 542 1995 utamur,
606 1948 743 2001 quae
800 1929 1067 1987 hilaritatis
1131 1933 1439 1988 excitandae
1496 1949 1657 1985 causa

167 2033 536 2098 proponuntur
568 2023 704 2078 inter
738 2025 876 2078 bene
901 2045 1100 2098 gnaros
1129 2047 1234 2080 non
1268 2025 1536 2081 credentia
1561 2025 1657 2080 sed

166 2118 390 2173 ridenda
428 2129 738 2173 commenta.
812 2122 879 2176 At
914 2121 1051 2174 haec
1090 2123 1262 2175 omnia
1301 2131 1381 2186 et,
1439 2121 1482 2174 si
1519 2139 1657 2192 quae

167 2224 290 2269 sunt
324 2215 514 2267 horum
551 2214 733 2268 similia
771 2215 906 2269 salsa
943 2214 1194 2287 loquendi
1232 2215 1485 2288 exempla,
1521 2216 1659 2269 inter

166 2308 446 2363 mendacia
480 2328 598 2363 esse
637 2310 992 2377 numeranda,
1048 2312 1130 2365 vix
1169 2311 1267 2365 sibi
1317 2309 1658 2383 persuadebit

167 2406 457 2478 quisquam.
556 2405 897 2460 Manifestum
947 2415 1028 2460 est
1065 2407 1258 2478 igitur,
1315 2426 1435 2460 esse
1473 2406 1524 2459 in
1563 2425 1655 2458 no-

168 2501 311 2554 tione
347 2498 635 2567 mendacii,
687 2520 792 2573 quo
849 2503 915 2555 ab
968 2501 1226 2575 ejusmodi
1281 2501 1492 2555 differat
1528 2501 1656 2554 saise

168 2593 335 2649 dictis.
373 2627 443 2635 --
513 2595 635 2650 Jam
672 2615 796 2651 vero
832 2596 992 2651 modo
1029 2598 1447 2661 n1e111i11erin1uS‚
1489 2616 1593 2648 non
1626 2616 1657 2649 e

160 2839 218 2896 p)
251 2838 342 2881 Eae
374 2840 485 2882 enim
515 2853 615 2883 vera
647 2841 813 2884 dicendi
846 2840 1052 2897 exemplis
1075 2845 1171 2883 sunt
1202 2835 1537 2881 annumerandae
1582 2835 1656 2879 cfr.

225 2914 264 2967 §.
299 2916 339 2956 4,
372 2914 450 2956 sub
480 2915 548 2957 sm.
