1719 3084
124 203 237 277 jam
275 200 558 274 desperata
595 201 813 256 victoria
850 203 984 258 inter
1026 208 1436 266 commilitonum
1473 233 1622 270 arma

127 299 434 373 perfugium
497 296 888 362 quaesiturum,
943 300 1204 354 mendacii
1262 324 1381 358 eum
1436 311 1620 375 teneri,

134 415 238 449 una
289 394 428 445 soret
477 391 708 444 omnium
753 412 866 446 vox.
942 395 1280 464 Quamquam
1315 409 1490 454 autem
1543 401 1619 454 vel

131 492 254 545 hinc
293 494 517 560 apparet
552 486 709 550 satis,
744 478 869 539 'esse
904 506 1063 541 unam
1103 488 1328 558 aliquam
1361 494 1624 548 mendacii

132 593 310 638 notam
350 601 380 634 e
416 591 603 632 natura
642 577 919 647 signorum
955 583 1267 655 petendam,
1306 604 1412 638 non
1445 587 1624 643 licebit

134 687 312 732 tamen
368 675 419 726 in
474 670 561 722 illa
614 671 901 726 subsistere
953 676 1221 744 doctrina,
1275 698 1340 732 ex
1397 698 1505 750 qua
1553 682 1623 736 ad

133 775 416 826 verborum
465 763 693 819 fallacias
743 768 1076 825 mendacium
1112 774 1464 845 restringitur.
1546 776 1623 831 Ut

135 869 273 921 enim
307 876 607 927 taceamus,
661 882 726 917 ex
775 865 862 919 tali
898 863 1230 933 inductione,
1291 885 1428 937 quae
1465 869 1621 941 plena

131 963 247 1019 fieri
298 966 558 1028 nequeat,
613 958 886 1013 oriundam
941 978 1059 1014 esse
1115 960 1253 1014 hanc
1310 962 1620 1031 doctrinam,

132 1058 380 1128 quoniam
429 1052 671 1107 nimirum
719 1054 813 1107 viri
850 1053 1021 1120 docti,
1081 1072 1242 1123 quum
1293 1057 1618 1111 animadver-

131 1156 343 1217 tissent,
405 1147 620 1212 multaS,
678 1165 816 1217 qnae
862 1150 1033 1204 verbis
1070 1170 1175 1202 non
1214 1151 1428 1217 fierent,
1475 1152 1618 1205 falla-

129 1250 237 1303 cias
275 1267 304 1299 e
333 1242 729 1300 mendaciorum
752 1243 906 1297 eximi
936 1263 1184 1309 numere,
1227 1254 1435 1311 contra,
1477 1264 1618 1316 quae

130 1342 303 1398 verbis
339 1341 557 1404 fierent,
604 1338 740 1391 inter
779 1356 844 1390 ea
879 1339 1097 1404 referri,
1153 1337 1276 1391 inde
1313 1338 1383 1391 ad
1429 1342 1616 1392 verbo-

125 1457 244 1493 rum
282 1437 335 1488 in
366 1430 643 1488 mendacio
681 1430 1049 1485 constituendo
1083 1433 1450 1488 necessitatem
1492 1454 1617 1488 con-

130 1531 269 1587 ciudi
317 1547 476 1602 posse
513 1527 815 1582 statuerint:
872 1537 926 1583 at
971 1526 1225 1597 liquidum
1263 1530 1486 1599 praebet
1522 1530 1615 1583 ad-

127 1645 310 1680 versus
368 1642 487 1676 eam
535 1631 935 1694 argumentum,
998 1621 1144 1691 quod
1194 1621 1494 1693 diligentius
1539 1625 1615 1677 in-

126 1719 364 1794 spicienti
402 1716 611 1770 fallendi
659 1736 775 1770 sese
821 1718 1052 1770 offerunt
1096 1717 1332 1789 exempla
1383 1718 1615 1790 (rariora

128 1818 383 1876 fortasse,
431 1829 615 1866 verum
650 1810 703 1864 id
741 1810 864 1863 nihil
901 1809 968 1863 ad
1017 1809 1187 1881 rem),
1227 1828 1391 1879 quae,
1430 1831 1612 1882 quam-

123 1911 198 1967 vis
236 1909 456 1962 aliorum
496 1908 771 1979 signorum
830 1905 959 1971 sint,
1010 1923 1114 1957 non
1177 1907 1486 1973 verborum,
1541 1908 1610 1961 ad

120 2006 398 2064 mendacia
445 2014 621 2058 tamen
678 2000 938 2056 communi
987 1999 1287 2052 referantur
1333 2019 1609 2056 consensu.

122 2101 284 2165 Quod
322 2109 403 2155 est
438 2099 596 2153 etiam
630 2099 697 2151 ab
733 2097 826 2162 iis,
865 2094 956 2164 qui
990 2093 1044 2147 in
1081 2103 1259 2149 nostra
1297 2097 1610 2165 quaestione

121 2206 244 2252 sunt
279 2193 674 2249 accuratissime
710 2190 931 2255 versati,
970 2189 1322 2244 observatum.
1377 2190 1608 2245 solenne

118 2301 200 2346 est
245 2292 305 2345 iis
355 2287 647 2360 exemplum
696 2295 961 2340 mutorum
1011 2284 1364 2355 aliorumque,
1416 2287 1604 2355 quibus

114 2387 279 2457 signis
363 2386 504 2439 vocis
575 2383 649 2437 uti
722 2381 800 2434 vel
888 2379 1037 2433 nefas
1120 2380 1186 2434 sit
1270 2381 1350 2434 vel
1417 2399 1603 2453 parum

114 2489 284 2534 tutum
310 2478 414 2549 ιι);
465 2476 606 2532 aliud
645 2475 965 2547 exemplum,
1003 2475 1148 2546 quod
1188 2477 1254 2530 ab
1291 2478 1349 2531 iis
1400 2477 1602 2532 directe

110 2720 164 2777 u)
198 2719 431 2763 Forbes.
474 2718 684 2771 Theolog.
718 2717 897 2760 Moralis
943 2717 967 2758 1.
991 2716 1066 2759 ΙΧ.
1103 2731 1137 2757 r.
1166 2720 1205 2758 9.
1241 2717 1267 2768 §
1289 2719 1330 2758 5.
1405 2714 1595 2759 Thom.

168 2798 361 2850 Aquin.
412 2799 633 2836 comment.
681 2795 722 2834 in
769 2793 860 2834 LL.
896 2793 976 2833 SS.
1027 2793 1052 2832 1.
1084 2791 1159 2832 111.
1210 2791 1306 2833 dist.
1334 2794 1405 2833 38.
1454 2806 1524 2847 qu.
1557 2797 1595 2835 ἶΙ.

157 2879 235 2916 art.
260 2877 298 2915 1.
363 2870 606 2926 Lycheti
649 2873 872 2912 comment„
916 2868 957 2910 in
1006 2867 1128 2909 Scoti
1175 2868 1408 2922 quaestion.
1466 2869 1595 2932 Lm·
