<?xml version="1.0" encoding="UTF-8"?>
<!DOCTYPE html PUBLIC "-//W3C//DTD XHTML 1.0 Transitional//EN"
    "http://www.w3.org/TR/xhtml1/DTD/xhtml1-transitional.dtd">
<html xmlns="http://www.w3.org/1999/xhtml" xml:lang="en" lang="en">
 <head>
  <title>
</title>
<meta http-equiv="Content-Type" content="text/html;charset=utf-8" />
  <meta name='ocr-system' content='tesseract 3.04.00' />
  <meta name='ocr-capabilities' content='ocr_page ocr_carea ocr_par ocr_line ocrx_word'/>
</head>
<body>
  <div class='ocr_page' id='page_1' title='image "./denotioneatquetu00kier_0077.png"; bbox 0 0 1698 3084; ppageno 0'>
   <div class='ocr_carea' id='block_1_1' title="bbox 574 105 966 161">
    <p class='ocr_par' dir='ltr' id='par_1_1' title="bbox 574 105 966 161">
     <span class='ocr_line' id='line_1_1' title="bbox 574 105 966 161; baseline -0.003 -16"><span class='ocrx_word' id='word_1_1' title='bbox 574 105 966 161; x_wconf 54' lang='lat'>...71-</span> 
     </span>
    </p>
   </div>
   <div class='ocr_carea' id='block_1_2' title="bbox 29 242 1515 2008">
    <p class='ocr_par' dir='ltr' id='par_1_2' title="bbox 29 242 1515 2008">
     <span class='ocr_line' id='line_1_2' title="bbox 41 242 1514 320; baseline 0.007 -25"><span class='ocrx_word' id='word_1_2' title='bbox 41 248 233 308; x_wconf 78' lang='lat' dir='ltr'><strong>tentet,</strong></span> <span class='ocrx_word' id='word_1_3' title='bbox 286 242 338 295; x_wconf 84' lang='lat' dir='ltr'><strong>in</strong></span> <span class='ocrx_word' id='word_1_4' title='bbox 375 261 609 297; x_wconf 86' lang='lat' dir='ltr'><strong>errorem</strong></span> <span class='ocrx_word' id='word_1_5' title='bbox 656 244 963 312; x_wconf 73' lang='lat' dir='ltr'><strong>inducatur,</strong></span> <span class='ocrx_word' id='word_1_6' title='bbox 1002 245 1356 320; x_wconf 86' lang='lat' dir='ltr'><strong>adjumentum</strong></span> <span class='ocrx_word' id='word_1_7' title='bbox 1392 249 1514 305; x_wconf 84' lang='lat' dir='ltr'><strong>mis-</strong></span> 
     </span>
     <span class='ocr_line' id='line_1_3' title="bbox 35 336 1512 414; baseline 0.005 -26"><span class='ocrx_word' id='word_1_8' title='bbox 35 355 150 388; x_wconf 85' lang='lat' dir='ltr'><strong>sum</strong></span> <span class='ocrx_word' id='word_1_9' title='bbox 187 336 372 402; x_wconf 82' lang='lat' dir='ltr'><strong>saciat,</strong></span> <span class='ocrx_word' id='word_1_10' title='bbox 411 338 555 410; x_wconf 88' lang='lat' dir='ltr'><strong>quod</strong></span> <span class='ocrx_word' id='word_1_11' title='bbox 592 339 658 394; x_wconf 91' lang='lat' dir='ltr'><strong>sit</strong></span> <span class='ocrx_word' id='word_1_12' title='bbox 696 340 766 394; x_wconf 86' lang='lat' dir='ltr'><strong>ad</strong></span> <span class='ocrx_word' id='word_1_13' title='bbox 813 341 911 396; x_wconf 83' lang='lat' dir='ltr'><strong>ista</strong></span> <span class='ocrx_word' id='word_1_14' title='bbox 950 339 1325 412; x_wconf 83' lang='lat' dir='ltr'><strong>cognoscenda</strong></span> <span class='ocrx_word' id='word_1_15' title='bbox 1358 359 1512 414; x_wconf 86' lang='lat' dir='ltr'><strong>prae-</strong></span> 
     </span>
     <span class='ocr_line' id='line_1_4' title="bbox 38 427 1515 505; baseline 0.005 -23"><span class='ocrx_word' id='word_1_16' title='bbox 38 440 120 483; x_wconf 84' lang='lat' dir='ltr'><strong>ter</strong></span> <span class='ocrx_word' id='word_1_17' title='bbox 153 430 438 502; x_wconf 85' lang='lat' dir='ltr'><strong>ingenuam</strong></span> <span class='ocrx_word' id='word_1_18' title='bbox 485 427 718 505; x_wconf 82' lang='lat' dir='ltr'><strong>ips&#39;orum</strong></span> <span class='ocrx_word' id='word_1_19' title='bbox 762 435 1168 488; x_wconf 83' lang='lat' dir='ltr'><strong>enuntiationem</strong></span> <span class='ocrx_word' id='word_1_20' title='bbox 1216 435 1424 488; x_wconf 88' lang='lat' dir='ltr'><strong>unicum</strong></span> <span class='ocrx_word' id='word_1_21' title='bbox 1462 445 1515 490; x_wconf 87' lang='lat' dir='ltr'><strong>et</strong></span> 
     </span>
     <span class='ocr_line' id='line_1_5' title="bbox 34 524 1512 601; baseline 0.003 -26"><span class='ocrx_word' id='word_1_22' title='bbox 34 524 190 595; x_wconf 84' lang='lat' dir='ltr'><strong>plane</strong></span> <span class='ocrx_word' id='word_1_23' title='bbox 248 526 616 580; x_wconf 83' lang='lat' dir='ltr'><strong>necessarium.</strong></span> <span class='ocrx_word' id='word_1_24' title='bbox 652 557 723 566; x_wconf 84' lang='lat'><strong>-—</strong></span> <span class='ocrx_word' id='word_1_25' title='bbox 799 526 977 591; x_wconf 76' lang='lat' dir='ltr'><strong>Adde,</strong></span> <span class='ocrx_word' id='word_1_26' title='bbox 1047 527 1191 600; x_wconf 87' lang='lat' dir='ltr'><strong>quod</strong></span> <span class='ocrx_word' id='word_1_27' title='bbox 1255 528 1512 601; x_wconf 86' lang='lat' dir='ltr'><strong>ejusmodi</strong></span> 
     </span>
     <span class='ocr_line' id='line_1_6' title="bbox 38 618 1510 693; baseline 0.002 -23"><span class='ocrx_word' id='word_1_28' title='bbox 38 618 195 672; x_wconf 80' lang='lat' dir='ltr'><strong>etiam</strong></span> <span class='ocrx_word' id='word_1_29' title='bbox 231 629 519 674; x_wconf 85' lang='lat' dir='ltr'><strong>occurrunt</strong></span> <span class='ocrx_word' id='word_1_30' title='bbox 556 639 736 687; x_wconf 59' lang='lat' dir='ltr'><strong>casm,</strong></span> <span class='ocrx_word' id='word_1_31' title='bbox 772 621 826 674; x_wconf 91' lang='lat' dir='ltr'><strong>in</strong></span> <span class='ocrx_word' id='word_1_32' title='bbox 867 622 1082 693; x_wconf 78' lang='lat' dir='ltr'><strong>quibus,</strong></span> <span class='ocrx_word' id='word_1_33' title='bbox 1126 621 1358 693; x_wconf 82' lang='lat' dir='ltr'><strong>quamvis</strong></span> <span class='ocrx_word' id='word_1_34' title='bbox 1396 621 1510 692; x_wconf 86' lang='lat' dir='ltr'><strong>quis</strong></span> 
     </span>
     <span class='ocr_line' id='line_1_7' title="bbox 35 710 1513 784; baseline 0.003 -20"><span class='ocrx_word' id='word_1_35' title='bbox 35 730 141 764; x_wconf 91' lang='lat' dir='ltr'><strong>non</strong></span> <span class='ocrx_word' id='word_1_36' title='bbox 180 710 237 766; x_wconf 89' lang='lat' dir='ltr'><strong>id</strong></span> <span class='ocrx_word' id='word_1_37' title='bbox 273 721 429 784; x_wconf 79' lang='lat' dir='ltr'><strong>agat,</strong></span> <span class='ocrx_word' id='word_1_38' title='bbox 477 724 538 768; x_wconf 86' lang='lat' dir='ltr'><strong>ut</strong></span> <span class='ocrx_word' id='word_1_39' title='bbox 573 714 746 781; x_wconf 79' lang='lat' dir='ltr'><strong>fallat,</strong></span> <span class='ocrx_word' id='word_1_40' title='bbox 794 715 1038 769; x_wconf 85' lang='lat' dir='ltr'><strong>facienda</strong></span> <span class='ocrx_word' id='word_1_41' title='bbox 1085 724 1263 770; x_wconf 88' lang='lat' dir='ltr'><strong>tamen</strong></span> <span class='ocrx_word' id='word_1_42' title='bbox 1301 713 1348 767; x_wconf 91' lang='lat' dir='ltr'><strong>ei</strong></span> <span class='ocrx_word' id='word_1_43' title='bbox 1395 714 1513 780; x_wconf 80' lang='lat' dir='ltr'><strong>sint,</strong></span> 
     </span>
     <span class='ocr_line' id='line_1_8' title="bbox 32 805 1515 881; baseline 0.003 -23"><span class='ocrx_word' id='word_1_44' title='bbox 32 805 176 859; x_wconf 85' lang='lat' dir='ltr'><strong>unde</strong></span> <span class='ocrx_word' id='word_1_45' title='bbox 235 826 342 860; x_wconf 90' lang='lat' dir='ltr'><strong>non</strong></span> <span class='ocrx_word' id='word_1_46' title='bbox 404 807 519 860; x_wconf 82' lang='lat' dir='ltr'><strong>fieri</strong></span> <span class='ocrx_word' id='word_1_47' title='bbox 576 808 744 880; x_wconf 83' lang='lat' dir='ltr'><strong>possit</strong></span> <span class='ocrx_word' id='word_1_48' title='bbox 804 810 928 881; x_wconf 86' lang='lat' dir='ltr'><strong>quin</strong></span> <span class='ocrx_word' id='word_1_49' title='bbox 999 809 1126 864; x_wconf 88' lang='lat' dir='ltr'><strong>falsa</strong></span> <span class='ocrx_word' id='word_1_50' title='bbox 1201 806 1515 862; x_wconf 84' lang='lat' dir='ltr'><strong>concludant</strong></span> 
     </span>
     <span class='ocr_line' id='line_1_9' title="bbox 35 900 1513 970; baseline 0.001 -17"><span class='ocrx_word' id='word_1_51' title='bbox 35 900 222 970; x_wconf 77' lang='lat' dir='ltr'><strong>aliis).</strong></span> <span class='ocrx_word' id='word_1_52' title='bbox 296 902 417 962; x_wconf 82' lang='lat' dir='ltr'><strong>Quo</strong></span> <span class='ocrx_word' id='word_1_53' title='bbox 465 902 551 966; x_wconf 77' lang='lat' dir='ltr'><strong>fit,</strong></span> <span class='ocrx_word' id='word_1_54' title='bbox 603 911 688 967; x_wconf 75' lang='lat' dir='ltr'><strong>ut,</strong></span> <span class='ocrx_word' id='word_1_55' title='bbox 746 901 791 956; x_wconf 90' lang='lat' dir='ltr'><strong>si</strong></span> <span class='ocrx_word' id='word_1_56' title='bbox 831 902 926 957; x_wconf 89' lang='lat' dir='ltr'><strong>tibi</strong></span> <span class='ocrx_word' id='word_1_57' title='bbox 977 913 1221 957; x_wconf 82' lang='lat' dir='ltr'><strong>constare</strong></span> <span class='ocrx_word' id='word_1_58' title='bbox 1273 901 1513 966; x_wconf 66' lang='lat' dir='ltr'><strong>volueriS,</strong></span> 
     </span>
     <span class='ocr_line' id='line_1_10' title="bbox 36 994 1511 1067; baseline 0 -20"><span class='ocrx_word' id='word_1_59' title='bbox 36 995 360 1049; x_wconf 78' lang='lat' dir='ltr'><strong>contendere</strong></span> <span class='ocrx_word' id='word_1_60' title='bbox 406 994 646 1065; x_wconf 80' lang='lat' dir='ltr'><strong>cogaris,</strong></span> <span class='ocrx_word' id='word_1_61' title='bbox 698 996 899 1049; x_wconf 87' lang='lat' dir='ltr'><strong>etiamsi</strong></span> <span class='ocrx_word' id='word_1_62' title='bbox 948 998 1139 1050; x_wconf 85' lang='lat' dir='ltr'><strong>nemini</strong></span> <span class='ocrx_word' id='word_1_63' title='bbox 1174 1014 1406 1067; x_wconf 82' lang='lat' dir='ltr'><strong>unquam</strong></span> <span class='ocrx_word' id='word_1_64' title='bbox 1452 995 1511 1047; x_wconf 83' lang='lat' dir='ltr'><strong>li-</strong></span> 
     </span>
     <span class='ocr_line' id='line_1_11' title="bbox 35 1088 1512 1156; baseline 0 -15"><span class='ocrx_word' id='word_1_65' title='bbox 35 1107 158 1142; x_wconf 80' lang='lat' dir='ltr'><strong>cere</strong></span> <span class='ocrx_word' id='word_1_66' title='bbox 220 1089 501 1154; x_wconf 79' lang='lat' dir='ltr'><strong>sacia11mS‚</strong></span> <span class='ocrx_word' id='word_1_67' title='bbox 555 1096 617 1143; x_wconf 90' lang='lat' dir='ltr'><strong>ut</strong></span> <span class='ocrx_word' id='word_1_68' title='bbox 672 1088 794 1143; x_wconf 78' lang='lat' dir='ltr'><strong>velit</strong></span> <span class='ocrx_word' id='word_1_69' title='bbox 851 1090 1062 1156; x_wconf 71' lang='lat' dir='ltr'><strong>saliere,</strong></span> <span class='ocrx_word' id='word_1_70' title='bbox 1120 1090 1276 1143; x_wconf 83' lang='lat' dir='ltr'><strong>nihilo</strong></span> <span class='ocrx_word' id='word_1_71' title='bbox 1336 1100 1512 1144; x_wconf 79' lang='lat' dir='ltr'><strong>tamen</strong></span> 
     </span>
     <span class='ocr_line' id='line_1_12' title="bbox 32 1179 1514 1257; baseline 0.002 -23"><span class='ocrx_word' id='word_1_72' title='bbox 32 1183 200 1236; x_wconf 87' lang='lat' dir='ltr'><strong>minus</strong></span> <span class='ocrx_word' id='word_1_73' title='bbox 249 1179 647 1236; x_wconf 77' lang='lat' dir='ltr'><strong>valedicendum</strong></span> <span class='ocrx_word' id='word_1_74' title='bbox 683 1200 800 1236; x_wconf 87' lang='lat' dir='ltr'><strong>esse</strong></span> <span class='ocrx_word' id='word_1_75' title='bbox 838 1185 1067 1251; x_wconf 78' lang='lat' dir='ltr'><strong>cunctis,</strong></span> <span class='ocrx_word' id='word_1_76' title='bbox 1115 1202 1252 1257; x_wconf 89' lang='lat' dir='ltr'><strong>quae</strong></span> <span class='ocrx_word' id='word_1_77' title='bbox 1289 1202 1322 1236; x_wconf 94' lang='lat' dir='ltr'><strong>a</strong></span> <span class='ocrx_word' id='word_1_78' title='bbox 1355 1184 1514 1237; x_wconf 85' lang='lat' dir='ltr'><strong>rebus</strong></span> 
     </span>
     <span class='ocr_line' id='line_1_13' title="bbox 32 1275 1510 1349; baseline 0 -22"><span class='ocrx_word' id='word_1_79' title='bbox 32 1276 85 1328; x_wconf 89' lang='lat' dir='ltr'><strong>in</strong></span> <span class='ocrx_word' id='word_1_80' title='bbox 120 1275 261 1329; x_wconf 85' lang='lat' dir='ltr'><strong>facto</strong></span> <span class='ocrx_word' id='word_1_81' title='bbox 301 1275 481 1347; x_wconf 85' lang='lat' dir='ltr'><strong>positis</strong></span> <span class='ocrx_word' id='word_1_82' title='bbox 531 1275 599 1329; x_wconf 90' lang='lat' dir='ltr'><strong>ad</strong></span> <span class='ocrx_word' id='word_1_83' title='bbox 637 1277 866 1331; x_wconf 87' lang='lat' dir='ltr'><strong>animum</strong></span> <span class='ocrx_word' id='word_1_84' title='bbox 903 1278 1109 1349; x_wconf 76' lang='lat' dir='ltr'><strong>agentis</strong></span> <span class='ocrx_word' id='word_1_85' title='bbox 1154 1278 1261 1332; x_wconf 89' lang='lat' dir='ltr'><strong>sive</strong></span> <span class='ocrx_word' id='word_1_86' title='bbox 1300 1275 1510 1329; x_wconf 84' lang='lat' dir='ltr'><strong>conclu-</strong></span> 
     </span>
     <span class='ocr_line' id='line_1_14' title="bbox 36 1369 1511 1442; baseline -0.001 -20"><span class='ocrx_word' id='word_1_87' title='bbox 36 1369 194 1423; x_wconf 83' lang='lat' dir='ltr'><strong>dendi</strong></span> <span class='ocrx_word' id='word_1_88' title='bbox 244 1369 352 1423; x_wconf 85' lang='lat' dir='ltr'><strong>sive</strong></span> <span class='ocrx_word' id='word_1_89' title='bbox 421 1370 732 1442; x_wconf 76' lang='lat' dir='ltr'><strong>conjiciendi</strong></span> <span class='ocrx_word' id='word_1_90' title='bbox 792 1372 1021 1425; x_wconf 82' lang='lat' dir='ltr'><strong>rationes</strong></span> <span class='ocrx_word' id='word_1_91' title='bbox 1076 1371 1216 1425; x_wconf 84' lang='lat' dir='ltr'><strong>inter</strong></span> <span class='ocrx_word' id='word_1_92' title='bbox 1275 1370 1511 1423; x_wconf 85' lang='lat' dir='ltr'><strong>homines</strong></span> 
     </span>
     <span class='ocr_line' id='line_1_15' title="bbox 32 1462 1511 1536; baseline -0.001 -20"><span class='ocrx_word' id='word_1_93' title='bbox 32 1463 316 1517; x_wconf 81' lang='lat' dir='ltr'><strong>obtineant.</strong></span> <span class='ocrx_word' id='word_1_94' title='bbox 390 1462 552 1524; x_wconf 85' lang='lat' dir='ltr'><strong>Quod</strong></span> <span class='ocrx_word' id='word_1_95' title='bbox 598 1465 643 1518; x_wconf 93' lang='lat' dir='ltr'><strong>si</strong></span> <span class='ocrx_word' id='word_1_96' title='bbox 679 1483 833 1518; x_wconf 86' lang='lat' dir='ltr'><strong>nemo</strong></span> <span class='ocrx_word' id='word_1_97' title='bbox 873 1473 978 1528; x_wconf 72' lang='lat' dir='ltr'><strong>est,</strong></span> <span class='ocrx_word' id='word_1_98' title='bbox 1031 1464 1121 1536; x_wconf 86' lang='lat' dir='ltr'><strong>qui</strong></span> <span class='ocrx_word' id='word_1_99' title='bbox 1159 1464 1256 1518; x_wconf 87' lang='lat' dir='ltr'><strong>sibi</strong></span> <span class='ocrx_word' id='word_1_100' title='bbox 1293 1482 1511 1535; x_wconf 79' lang='lat' dir='ltr'><strong>persua-</strong></span> 
     </span>
     <span class='ocr_line' id='line_1_16' title="bbox 32 1557 1512 1631; baseline -0.001 -20"><span class='ocrx_word' id='word_1_101' title='bbox 32 1557 163 1612; x_wconf 83' lang='lat' dir='ltr'><strong>dere</strong></span> <span class='ocrx_word' id='word_1_102' title='bbox 216 1565 409 1629; x_wconf 72' lang='lat' dir='ltr'><strong>queat,</strong></span> <span class='ocrx_word' id='word_1_103' title='bbox 470 1576 653 1626; x_wconf 73' lang='lat' dir='ltr'><strong>neme,</strong></span> <span class='ocrx_word' id='word_1_104' title='bbox 711 1559 801 1631; x_wconf 90' lang='lat' dir='ltr'><strong>qui</strong></span> <span class='ocrx_word' id='word_1_105' title='bbox 859 1558 986 1612; x_wconf 87' lang='lat' dir='ltr'><strong>alios</strong></span> <span class='ocrx_word' id='word_1_106' title='bbox 1046 1558 1244 1612; x_wconf 81' lang='lat' dir='ltr'><strong>docere</strong></span> <span class='ocrx_word' id='word_1_107' title='bbox 1301 1557 1512 1620; x_wconf 81' lang='lat' dir='ltr'><strong>audeat,</strong></span> 
     </span>
     <span class='ocr_line' id='line_1_17' title="bbox 29 1649 1514 1725; baseline -0.003 -19"><span class='ocrx_word' id='word_1_108' title='bbox 29 1652 182 1706; x_wconf 85' lang='lat' dir='ltr'><strong>velim</strong></span> <span class='ocrx_word' id='word_1_109' title='bbox 226 1660 405 1708; x_wconf 85' lang='lat' dir='ltr'><strong>tamen</strong></span> <span class='ocrx_word' id='word_1_110' title='bbox 455 1651 623 1718; x_wconf 88' lang='lat' dir='ltr'><strong>scire,</strong></span> <span class='ocrx_word' id='word_1_111' title='bbox 674 1671 770 1705; x_wconf 84' lang='lat' dir='ltr'><strong>cur</strong></span> <span class='ocrx_word' id='word_1_112' title='bbox 817 1651 938 1705; x_wconf 82' lang='lat' dir='ltr'><strong>ideo</strong></span> <span class='ocrx_word' id='word_1_113' title='bbox 977 1653 1149 1723; x_wconf 79' lang='lat' dir='ltr'><strong>magis</strong></span> <span class='ocrx_word' id='word_1_114' title='bbox 1196 1649 1514 1725; x_wconf 83' lang='lat' dir='ltr'><strong>rejiciendae</strong></span> 
     </span>
     <span class='ocr_line' id='line_1_18' title="bbox 33 1745 1513 1817; baseline -0.003 -18"><span class='ocrx_word' id='word_1_115' title='bbox 33 1747 163 1812; x_wconf 79' lang='lat' dir='ltr'><strong>sint,</strong></span> <span class='ocrx_word' id='word_1_116' title='bbox 218 1745 341 1817; x_wconf 88' lang='lat' dir='ltr'><strong>quia</strong></span> <span class='ocrx_word' id='word_1_117' title='bbox 376 1745 492 1798; x_wconf 85' lang='lat' dir='ltr'><strong>fieri</strong></span> <span class='ocrx_word' id='word_1_118' title='bbox 531 1746 725 1817; x_wconf 75' lang='lat' dir='ltr'><strong>possit,</strong></span> <span class='ocrx_word' id='word_1_119' title='bbox 763 1755 822 1801; x_wconf 90' lang='lat' dir='ltr'><strong>ut</strong></span> <span class='ocrx_word' id='word_1_120' title='bbox 856 1766 962 1799; x_wconf 90' lang='lat' dir='ltr'><strong>non</strong></span> <span class='ocrx_word' id='word_1_121' title='bbox 998 1766 1029 1799; x_wconf 88' lang='lat' dir='ltr'><strong>a</strong></span> <span class='ocrx_word' id='word_1_122' title='bbox 1068 1746 1362 1799; x_wconf 80' lang='lat' dir='ltr'><strong>nolentibus</strong></span> <span class='ocrx_word' id='word_1_123' title='bbox 1397 1752 1513 1797; x_wconf 82' lang='lat' dir='ltr'><strong>tan-</strong></span> 
     </span>
     <span class='ocr_line' id='line_1_19' title="bbox 32 1839 1515 1914; baseline -0.003 -21"><span class='ocrx_word' id='word_1_124' title='bbox 32 1850 147 1893; x_wconf 83' lang='lat' dir='ltr'><strong>tum</strong></span> <span class='ocrx_word' id='word_1_125' title='bbox 182 1839 280 1894; x_wconf 84' lang='lat' dir='ltr'><strong>sed</strong></span> <span class='ocrx_word' id='word_1_126' title='bbox 315 1839 580 1894; x_wconf 87' lang='lat' dir='ltr'><strong>interdum</strong></span> <span class='ocrx_word' id='word_1_127' title='bbox 619 1860 830 1914; x_wconf 87' lang='lat' dir='ltr'><strong>quoque</strong></span> <span class='ocrx_word' id='word_1_128' title='bbox 867 1860 900 1894; x_wconf 90' lang='lat' dir='ltr'><strong>a</strong></span> <span class='ocrx_word' id='word_1_129' title='bbox 935 1841 1225 1896; x_wconf 85' lang='lat' dir='ltr'><strong>volentibus</strong></span> <span class='ocrx_word' id='word_1_130' title='bbox 1262 1839 1515 1892; x_wconf 73' lang='lat' dir='ltr'><strong>fallamur.</strong></span> 
     </span>
     <span class='ocr_line' id='line_1_20' title="bbox 33 1934 1515 2008; baseline -0.003 -21"><span class='ocrx_word' id='word_1_131' title='bbox 33 1965 104 1973; x_wconf 91' lang='lat'><strong>—</strong></span> <span class='ocrx_word' id='word_1_132' title='bbox 168 1934 356 2000; x_wconf 71' lang='lat' dir='ltr'><strong>“Imo‚</strong></span> <span class='ocrx_word' id='word_1_133' title='bbox 405 1935 636 2007; x_wconf 82' lang='lat' dir='ltr'><strong>inquies,</strong></span> <span class='ocrx_word' id='word_1_134' title='bbox 689 1945 808 1990; x_wconf 80' lang='lat' dir='ltr'><strong>utar</strong></span> <span class='ocrx_word' id='word_1_135' title='bbox 858 1935 1095 1991; x_wconf 84' lang='lat' dir='ltr'><strong>fortassis</strong></span> <span class='ocrx_word' id='word_1_136' title='bbox 1142 1954 1249 2008; x_wconf 81' lang='lat' dir='ltr'><strong>ego</strong></span> <span class='ocrx_word' id='word_1_137' title='bbox 1287 1951 1515 2006; x_wconf 75' lang='lat' dir='ltr'><strong>quoque,</strong></span> 
     </span>
    </p>
   </div>
   <div class='ocr_carea' id='block_1_3' title="bbox 35 2197 1527 2935">
    <p class='ocr_par' dir='ltr' id='par_1_3' title="bbox 35 2197 1527 2935">
     <span class='ocr_line' id='line_1_21' title="bbox 35 2197 1519 2259; baseline -0.002 -14"><span class='ocrx_word' id='word_1_138' title='bbox 35 2204 80 2258; x_wconf 79' lang='lat' dir='ltr'><strong>s)</strong></span> <span class='ocrx_word' id='word_1_139' title='bbox 115 2204 140 2244; x_wconf 89' lang='lat' dir='ltr'>J</span> <span class='ocrx_word' id='word_1_140' title='bbox 152 2215 177 2243; x_wconf 95' lang='lat' dir='ltr'><strong>o</strong></span> <span class='ocrx_word' id='word_1_141' title='bbox 194 2215 227 2244; x_wconf 86' lang='lat' dir='ltr'><strong>s.</strong></span> <span class='ocrx_word' id='word_1_142' title='bbox 260 2202 466 2244; x_wconf 87' lang='lat' dir='ltr'><strong>Butler</strong></span> <span class='ocrx_word' id='word_1_143' title='bbox 497 2203 545 2245; x_wconf 87' lang='lat' dir='ltr'><strong>of</strong></span> <span class='ocrx_word' id='word_1_144' title='bbox 571 2203 642 2246; x_wconf 90' lang='lat' dir='ltr'><strong>the</strong></span> <span class='ocrx_word' id='word_1_145' title='bbox 673 2210 822 2247; x_wconf 86' lang='lat' dir='ltr'><strong>nature</strong></span> <span class='ocrx_word' id='word_1_146' title='bbox 854 2205 905 2247; x_wconf 85' lang='lat' dir='ltr'><strong>of</strong></span> <span class='ocrx_word' id='word_1_147' title='bbox 927 2207 1063 2248; x_wconf 80' lang='lat' dir='ltr'><strong>virtue</strong></span> <span class='ocrx_word' id='word_1_148' title='bbox 1094 2204 1159 2259; x_wconf 82' lang='lat' dir='ltr'><strong>(in</strong></span> <span class='ocrx_word' id='word_1_149' title='bbox 1188 2200 1434 2257; x_wconf 75' lang='lat' dir='ltr'><strong>Appendice</strong></span> <span class='ocrx_word' id='word_1_150' title='bbox 1465 2197 1519 2239; x_wconf 75' lang='lat' dir='ltr'><strong>ad</strong></span> 
     </span>
     <span class='ocr_line' id='line_1_22' title="bbox 96 2274 1518 2334; baseline -0.004 -16"><span class='ocrx_word' id='word_1_151' title='bbox 96 2279 272 2329; x_wconf 81' lang='lat' dir='ltr'><strong>librum,</strong></span> <span class='ocrx_word' id='word_1_152' title='bbox 313 2279 383 2332; x_wconf 81' lang='lat' dir='ltr'><strong>qui</strong></span> <span class='ocrx_word' id='word_1_153' title='bbox 410 2279 671 2322; x_wconf 84' lang='lat' dir='ltr'><strong>inscribitur:</strong></span> <span class='ocrx_word' id='word_1_154' title='bbox 712 2280 805 2321; x_wconf 77' lang='lat' dir='ltr'><strong>The</strong></span> <span class='ocrx_word' id='word_1_155' title='bbox 837 2283 1020 2334; x_wconf 74' lang='lat' dir='ltr'><strong>analogy</strong></span> <span class='ocrx_word' id='word_1_156' title='bbox 1061 2281 1110 2322; x_wconf 85' lang='lat' dir='ltr'><strong>of</strong></span> <span class='ocrx_word' id='word_1_157' title='bbox 1135 2279 1312 2330; x_wconf 74' lang='lat' dir='ltr'><strong>religion</strong></span> <span class='ocrx_word' id='word_1_158' title='bbox 1355 2274 1518 2316; x_wconf 76' lang='lat' dir='ltr'><strong>naturai</strong></span> 
     </span>
     <span class='ocr_line' id='line_1_23' title="bbox 96 2351 1522 2411; baseline -0.005 -15"><span class='ocrx_word' id='word_1_159' title='bbox 96 2354 177 2396; x_wconf 81' lang='lat' dir='ltr'><strong>and</strong></span> <span class='ocrx_word' id='word_1_160' title='bbox 219 2354 427 2395; x_wconf 65' lang='lat' dir='ltr'><strong>rex-ealed.</strong></span> <span class='ocrx_word' id='word_1_161' title='bbox 498 2355 679 2398; x_wconf 85' lang='lat' dir='ltr'><strong>London</strong></span> <span class='ocrx_word' id='word_1_162' title='bbox 726 2360 854 2398; x_wconf 68' lang='lat'><strong>1736.</strong></span> <span class='ocrx_word' id='word_1_163' title='bbox 907 2357 973 2411; x_wconf 84' lang='grc'><strong>8.)</strong></span> <span class='ocrx_word' id='word_1_164' title='bbox 1022 2370 1119 2411; x_wconf 81' lang='lat' dir='ltr'><strong>pag.</strong></span> <span class='ocrx_word' id='word_1_165' title='bbox 1145 2357 1255 2396; x_wconf 72' lang='lat'><strong>467:</strong></span> <span class='ocrx_word' id='word_1_166' title='bbox 1327 2351 1368 2392; x_wconf 80' lang='lat' dir='ltr'><strong>It</strong></span> <span class='ocrx_word' id='word_1_167' title='bbox 1409 2354 1522 2392; x_wconf 81' lang='lat' dir='ltr'><strong>must</strong></span> 
     </span>
     <span class='ocr_line' id='line_1_24' title="bbox 99 2429 1522 2483; baseline -0.004 -13"><span class='ocrx_word' id='word_1_168' title='bbox 99 2431 288 2470; x_wconf 77' lang='lat' dir='ltr'><strong>likewise</strong></span> <span class='ocrx_word' id='word_1_169' title='bbox 317 2429 370 2469; x_wconf 80' lang='lat' dir='ltr'><strong>be</strong></span> <span class='ocrx_word' id='word_1_170' title='bbox 403 2431 635 2483; x_wconf 74' lang='lat' dir='ltr'><strong>observed‚</strong></span> <span class='ocrx_word' id='word_1_171' title='bbox 680 2431 770 2472; x_wconf 83' lang='lat' dir='ltr'><strong>that</strong></span> <span class='ocrx_word' id='word_1_172' title='bbox 815 2433 856 2474; x_wconf 86' lang='lat' dir='ltr'><strong>in</strong></span> <span class='ocrx_word' id='word_1_173' title='bbox 897 2434 1158 2473; x_wconf 81' lang='lat' dir='ltr'><strong>numberless</strong></span> <span class='ocrx_word' id='word_1_174' title='bbox 1205 2440 1324 2470; x_wconf 76' lang='lat' dir='ltr'><strong>cases</strong></span> <span class='ocrx_word' id='word_1_175' title='bbox 1355 2440 1381 2466; x_wconf 84' lang='lat' dir='ltr'><strong>a</strong></span> <span class='ocrx_word' id='word_1_176' title='bbox 1424 2437 1522 2466; x_wconf 82' lang='lat' dir='ltr'><strong>man</strong></span> 
     </span>
     <span class='ocr_line' id='line_1_25' title="bbox 99 2502 1520 2559; baseline -0.005 -11"><span class='ocrx_word' id='word_1_177' title='bbox 99 2519 196 2559; x_wconf 80' lang='lat' dir='ltr'><strong>may</strong></span> <span class='ocrx_word' id='word_1_178' title='bbox 228 2506 280 2546; x_wconf 84' lang='lat' dir='ltr'><strong>be</strong></span> <span class='ocrx_word' id='word_1_179' title='bbox 323 2504 457 2546; x_wconf 80' lang='lat' dir='ltr'><strong>under</strong></span> <span class='ocrx_word' id='word_1_180' title='bbox 487 2505 556 2547; x_wconf 84' lang='lat' dir='ltr'><strong>the</strong></span> <span class='ocrx_word' id='word_1_181' title='bbox 595 2507 782 2548; x_wconf 65' lang='lat' dir='ltr'><strong>strictest</strong></span> <span class='ocrx_word' id='word_1_182' title='bbox 812 2507 1065 2559; x_wconf 73' lang='lat' dir='ltr'><strong>obligations</strong></span> <span class='ocrx_word' id='word_1_183' title='bbox 1106 2512 1151 2548; x_wconf 90' lang='lat' dir='ltr'><strong>to</strong></span> <span class='ocrx_word' id='word_1_184' title='bbox 1183 2504 1293 2547; x_wconf 77' lang='lat' dir='ltr'><strong>what</strong></span> <span class='ocrx_word' id='word_1_185' title='bbox 1325 2503 1376 2544; x_wconf 79' lang='lat' dir='ltr'><strong>he</strong></span> <span class='ocrx_word' id='word_1_186' title='bbox 1408 2502 1520 2542; x_wconf 73' lang='lat' dir='ltr'><strong>sore-</strong></span> 
     </span>
     <span class='ocr_line' id='line_1_26' title="bbox 98 2578 1519 2634; baseline -0.004 -9"><span class='ocrx_word' id='word_1_187' title='bbox 98 2597 194 2625; x_wconf 82' lang='lat' dir='ltr'><strong>sees</strong></span> <span class='ocrx_word' id='word_1_188' title='bbox 247 2583 330 2622; x_wconf 71' lang='lat' dir='ltr'><strong>win</strong></span> <span class='ocrx_word' id='word_1_189' title='bbox 374 2581 572 2634; x_wconf 67' lang='lat' dir='ltr'><strong>deceive,</strong></span> <span class='ocrx_word' id='word_1_190' title='bbox 628 2582 803 2624; x_wconf 79' lang='lat' dir='ltr'><strong>without</strong></span> <span class='ocrx_word' id='word_1_191' title='bbox 836 2582 896 2622; x_wconf 72' lang='lat' dir='ltr'><strong>his</strong></span> <span class='ocrx_word' id='word_1_192' title='bbox 926 2582 1144 2634; x_wconf 73' lang='lat' dir='ltr'><strong>intending</strong></span> <span class='ocrx_word' id='word_1_193' title='bbox 1175 2584 1220 2622; x_wconf 76' lang='lat' dir='ltr'><strong>it.</strong></span> <span class='ocrx_word' id='word_1_194' title='bbox 1304 2580 1390 2620; x_wconf 73' lang='lat' dir='ltr'><strong>&#39;For</strong></span> <span class='ocrx_word' id='word_1_195' title='bbox 1420 2578 1453 2620; x_wconf 85' lang='lat' dir='ltr'><strong>it</strong></span> <span class='ocrx_word' id='word_1_196' title='bbox 1487 2578 1519 2615; x_wconf 63' lang='lat' dir='ltr'><strong>irs</strong></span> 
     </span>
     <span class='ocr_line' id='line_1_27' title="bbox 102 2651 1527 2714; baseline -0.005 -14"><span class='ocrx_word' id='word_1_197' title='bbox 102 2659 346 2714; x_wconf 73' lang='lat' dir='ltr'><strong>impossibie</strong></span> <span class='ocrx_word' id='word_1_198' title='bbox 378 2663 452 2698; x_wconf 81' lang='lat' dir='ltr'><strong>not</strong></span> <span class='ocrx_word' id='word_1_199' title='bbox 483 2663 526 2698; x_wconf 81' lang='lat' dir='ltr'><strong>to</strong></span> <span class='ocrx_word' id='word_1_200' title='bbox 559 2658 748 2711; x_wconf 74' lang='lat' dir='ltr'><strong>sor-esee,</strong></span> <span class='ocrx_word' id='word_1_201' title='bbox 782 2658 870 2699; x_wconf 82' lang='lat' dir='ltr'><strong>that</strong></span> <span class='ocrx_word' id='word_1_202' title='bbox 903 2657 972 2698; x_wconf 78' lang='lat' dir='ltr'><strong>the</strong></span> <span class='ocrx_word' id='word_1_203' title='bbox 1003 2658 1142 2698; x_wconf 74' lang='lat' dir='ltr'><strong>words</strong></span> <span class='ocrx_word' id='word_1_204' title='bbox 1173 2657 1255 2698; x_wconf 82' lang='lat' dir='ltr'><strong>and</strong></span> <span class='ocrx_word' id='word_1_205' title='bbox 1284 2656 1446 2697; x_wconf 56' lang='lat' dir='ltr'><strong>actions</strong></span> <span class='ocrx_word' id='word_1_206' title='bbox 1479 2651 1527 2691; x_wconf 80' lang='lat' dir='ltr'><strong>of</strong></span> 
     </span>
     <span class='ocr_line' id='line_1_28' title="bbox 103 2729 1524 2788; baseline -0.006 -12"><span class='ocrx_word' id='word_1_207' title='bbox 103 2748 197 2776; x_wconf 81' lang='lat' dir='ltr'><strong>men</strong></span> <span class='ocrx_word' id='word_1_208' title='bbox 230 2736 270 2775; x_wconf 85' lang='lat' dir='ltr'><strong>in</strong></span> <span class='ocrx_word' id='word_1_209' title='bbox 316 2734 511 2774; x_wconf 47' lang='lat' dir='ltr'><strong>differrant</strong></span> <span class='ocrx_word' id='word_1_210' title='bbox 545 2735 670 2774; x_wconf 72' lang='lat' dir='ltr'><strong>ranks</strong></span> <span class='ocrx_word' id='word_1_211' title='bbox 719 2735 797 2775; x_wconf 58' lang='lat' dir='ltr'><strong>aad</strong></span> <span class='ocrx_word' id='word_1_212' title='bbox 845 2735 1150 2788; x_wconf 59' lang='lat' dir='ltr'><strong>‹²111[³}o§111e11ts</strong></span> <span class='ocrx_word' id='word_1_213' title='bbox 1194 2733 1273 2774; x_wconf 75' lang='lat' dir='ltr'><strong>and</strong></span> <span class='ocrx_word' id='word_1_214' title='bbox 1315 2731 1362 2773; x_wconf 77' lang='lat' dir='ltr'><strong>os</strong></span> <span class='ocrx_word' id='word_1_215' title='bbox 1400 2729 1524 2771; x_wconf 66' lang='lat' dir='ltr'><strong>diffe-</strong></span> 
     </span>
     <span class='ocr_line' id='line_1_29' title="bbox 100 2801 1524 2863; baseline -0.001 -14"><span class='ocrx_word' id='word_1_216' title='bbox 100 2814 193 2850; x_wconf 76' lang='lat' dir='ltr'><strong>rent</strong></span> <span class='ocrx_word' id='word_1_217' title='bbox 250 2808 492 2849; x_wconf 62' lang='lat' dir='ltr'><strong>educativns</strong></span> <span class='ocrx_word' id='word_1_218' title='bbox 555 2807 635 2848; x_wconf 76' lang='lat' dir='ltr'><strong>will</strong></span> <span class='ocrx_word' id='word_1_219' title='bbox 681 2808 945 2863; x_wconf 73' lang='lat' dir='ltr'><strong>perpetually</strong></span> <span class='ocrx_word' id='word_1_220' title='bbox 991 2809 1042 2849; x_wconf 79' lang='lat' dir='ltr'><strong>be</strong></span> <span class='ocrx_word' id='word_1_221' title='bbox 1086 2809 1293 2850; x_wconf 61' lang='lat' dir='ltr'><strong>mis-taken</strong></span> <span class='ocrx_word' id='word_1_222' title='bbox 1334 2807 1389 2858; x_wconf 79' lang='lat' dir='ltr'><strong>by</strong></span> <span class='ocrx_word' id='word_1_223' title='bbox 1423 2801 1524 2845; x_wconf 62' lang='lat' dir='ltr'><strong>each</strong></span> 
     </span>
     <span class='ocr_line' id='line_1_30' title="bbox 99 2883 358 2935; baseline -0.008 -9"><span class='ocrx_word' id='word_1_224' title='bbox 99 2883 243 2935; x_wconf 62' lang='lat' dir='ltr'><strong>other⁷</strong></span> <span class='ocrx_word' id='word_1_225' title='bbox 278 2889 358 2925; x_wconf 74' lang='lat' dir='ltr'><strong>eet.</strong></span> 
     </span>
    </p>
   </div>
  </div>
 </body>
</html>
