1719 3084
704 136 1091 189 *34*

164 285 247 340 cio
297 283 362 338 sit
398 281 697 335 necessaria
747 277 880 333 falsa
930 278 1140 335 dicendi
1182 288 1336 345 nota,
1402 279 1658 351 sequitur,

165 380 262 434 nisi
315 394 559 433 sermone
621 373 940 427 enuntiativo
990 392 1096 427 non
1146 374 1395 428 committi
1445 373 1663 429 menda-

170 475 336 538 cium,
405 489 511 543 quo
558 470 648 534 fit,
708 478 796 534 ut,
863 468 904 522 si
952 469 1067 540 quis
1128 469 1272 522 verbi
1325 487 1490 522 causa
1556 487 1662 520 non

172 569 343 625 solum
381 560 604 638 quaerat
643 565 709 616 ab
746 563 882 628 aliis7
921 583 1059 635 quae
1093 563 1224 618 sciat
1261 561 1346 633 (id
1381 563 1518 614 enim
1555 580 1660 615 non

177 665 429 718 Socrates
469 659 635 713 solum
683 657 778 710 sed
821 666 874 710 et
913 668 1159 729 parentes
1198 665 1252 712 et
1285 665 1661 728 praeceptores

175 758 377 826 absque
424 752 528 805 ullo
579 750 789 804 fallendi
830 749 1109 821 consilio),
1158 748 1256 804 sed
1291 750 1370 803 vel
1405 750 1662 804 inscitiam

178 845 487 921 quaerendo
527 845 736 900 simulet
770 844 850 897 vel
887 844 1265 899 dubitationem
1301 852 1462 915 atque
1490 844 1664 897 anxie-

176 952 339 999 tatem
368 950 499 1007 cet.,
539 939 684 994 fallat
714 938 926 1011 quidem
957 957 1228 1004 sermone,
1258 936 1354 992 sed
1384 956 1489 990 non
1517 956 1664 990 men-

176 1036 351 1090 tiatur.
394 1065 464 1073 —-
518 1032 680 1094 Quod
718 1052 881 1105 quum
930 1052 1048 1087 esse
1085 1031 1279 1086 debeat
1317 1050 1414 1103 per
1451 1050 1510 1085 se
1561 1031 1666 1085 cla-

176 1150 326 1195 rum,
364 1138 569 1194 tamen,
610 1128 858 1200 quoniam
897 1147 928 1180 a
970 1127 1234 1199 plerisque
1270 1126 1473 1180 silentio
1509 1144 1663 1197 prae-

177 1224 396 1280 termitti
429 1222 661 1293 ideoque
707 1241 736 1275 a
775 1222 945 1277 multis
988 1221 1227 1275 oblivioni
1265 1220 1383 1274 dari
1418 1220 1665 1275 intellexi-

178 1339 324 1383 nmS,
386 1326 625 1371 nostrum
686 1336 804 1370 esse
863 1316 1134 1381 duximm,
1194 1325 1253 1370 ut
1309 1316 1666 1371 accuratiores

181 1432 383 1487 paucos
411 1409 501 1481 m)
539 1410 706 1465 secuti
756 1409 962 1467 disertis
1007 1410 1178 1464 verbis
1213 1409 1559 1465 traderemus,

845 1621 1003 1696 §a

326 1769 612 1841 pergimus
660 1766 730 1821 ad
781 1764 1222 1820 considerandum
1260 1764 1327 1818 de
1367 1764 1664 1830 remotiore,

178 1884 337 1937 quem
385 1864 711 1928 vocavimuS,
776 1861 1070 1915 mentientis
1121 1861 1255 1914 fine:
1319 1877 1438 1911 eum
1491 1867 1667 1913 autem

177 1961 229 2014 in
279 1968 506 2032 utroque
555 1955 794 2028 exemplo
845 1954 966 2008 ideo
1003 1962 1212 2026 turpem
1261 1971 1379 2006 esse
1428 1953 1666 2018 fecimus,

175 2062 239 2108 ut
280 2073 347 2106 ne
394 2054 447 2106 in
495 2051 621 2125 ipsis
677 2047 1047 2122 disquisitionis
1099 2038 1312 2101 nostrae
1347 2046 1499 2100 initiis
1539 2065 1664 2100 con-

175 2148 341 2202 tentio
392 2147 621 2201 oriretur
667 2165 788 2198 cum
840 2146 931 2211 ils,
982 2142 1071 2212 qui
1127 2142 1236 2215 ejus
1288 2140 1665 2213 turpitudinem

176 2333 242 2388 m)
271 2333 386 2376 Nic.
421 2335 627 2377 Abram
653 2336 680 2377 1.
699 2335 773 2377 IV.
821 2350 858 2376 c.
881 2338 921 2374 8.
955 2335 1068 2385 959.
1131 2333 1405 2376 Forbesii
1453 2332 1664 2388 Theolog.

236 2410 417 2453 Moralis
464 2411 587 2454 LIX.
637 2426 673 2453 c.
696 2415 735 2452 6.
783 2414 866 2462 §3.
929 2410 1174 2451 Crusius
1205 2410 1361 2451 kurzer
1392 2409 1565 2464 Begriff
1590 2411 1666 2452 der

233 2486 595 2542 Moraltheologie
627 2488 801 2543 (Leipz.
837 2485 990 2540 1773.)
1022 2484 1258 2526 2terThen
1289 2488 1431 2536 §364
1465 2501 1504 2540 p.
1526 2490 1663 2527 1597-

229 2566 302 2604 99.
366 2563 540 2606 Cfratur
571 2564 945 2607 Aristoteles
989 2561 1042 2603 de
1076 2562 1424 2616 interpretatione
1459 2560 1525 2613 (in
1556 2559 1663 2602 Edi-

230 2638 347 2680 tione
397 2641 588 2695 Operum
650 2653 747 2682 cum
805 2637 1014 2682 emendat.
1087 2636 1278 2679 Isaaci
1337 2637 1665 2679 Casauboni

235 2715 434 2758 Aureliae
452 2717 734 2771 Allobrogum
760 2719 875 2757 1605
904 2712 1000 2768 sol.)
1038 2727 1129 2768 cap.
1149 2716 1189 2755 4.
1250 2712 1557 2754 “Enunciativa
1587 2726 1665 2754 au-

232 2795 319 2832 tem
352 2797 525 2834 estnon
555 2793 690 2834 omnis
724 2791 937 2846 (oratio),
979 2789 1055 2830 sed
1088 2803 1162 2840 ea,
1209 2789 1277 2830 cui
1310 2801 1454 2830 verum
1486 2789 1551 2830 vel
1585 2788 1665 2830 fal-

229 2877 322 2908 sum
371 2868 515 2910 dicere
546 2869 766 2910 convenit:
816 2880 898 2910 non
941 2865 1135 2907 omnibus
1177 2870 1317 2905 aurem
1349 2865 1569 2916 convenit,
1618 2869 1667 2908 ut

228 2946 418 3000 precatio
453 2950 515 2988 est
545 2943 714 2999 quidem
746 2945 908 2998 oratio,
939 2942 1016 2988 sed
1045 2955 1124 2986 nec
1156 2955 1254 2985 vera
1280 2954 1357 2984 nec
1390 2939 1535 2983 saisa.’'
