1719 3084
682 99 758 110 ,.-.
846 71 1077 124 54-

143 210 362 273 tuendo.
440 211 646 274 Quibus
687 212 1012 275 constituti5‚
1064 212 1377 267 sententiam
1426 216 1642 269 Abrami

145 325 313 377 supra
362 309 655 378 expositam
701 308 773 362 ita
824 316 1059 361 nostram
1108 308 1362 374 facimus,
1411 317 1471 363 ut
1509 309 1645 363 cele-

151 401 406 455 berrimas
443 401 551 457 illas
591 402 661 456 de
698 403 916 474 singulis
952 400 1242 455 mendaciis
1280 401 1453 455 ethice
1489 403 1645 458 aesti-

152 493 358 549 mandis
407 496 522 550 lites
563 506 616 551 et
666 498 962 551 universam
999 495 1281 550 doctorum
1325 496 1554 551 virorum
1596 498 1648 550 in

152 590 259 643 hoc
295 590 412 644 loco
451 590 832 645 dissensionem
878 591 946 645 ad
995 592 1133 645 hanc
1169 608 1329 644 unam
1381 576 1649 661 quaestio-

153 702 279 736 nem
327 685 566 738 revocari
606 704 767 757 posse
805 685 1216 752 contendamus,
1265 693 1446 739 utrum
1492 693 1652 757 turpe

152 777 222 832 sit
259 778 595 832 mendacium
631 798 730 851 per
766 800 826 835 se
874 789 1206 853 spectatum,
1245 798 1313 835 an
1351 779 1527 834 ethice
1574 780 1652 832 in-

151 869 443 926 definitum.
490 904 561 911 —
630 876 732 929 “At
790 893 945 941 vem,
1005 874 1148 930 dicat
1203 873 1417 945 aliquiS‚
1489 872 1654 944 longe

152 965 297 1020 aliud
336 986 458 1022 esse
507 967 702 1034 debet,
741 970 889 1043 quod
921 969 1098 1023 locum
1134 968 1383 1042 praebuit
1419 966 1653 1040 disputa-

159 1060 394 1116 tionibus
441 1062 582 1116 inter
631 1082 753 1129 eoS,
797 1065 887 1136 qui
935 1065 1110 1118 omnia
1148 1063 1427 1129 damnant,
1477 1073 1532 1117 et
1567 1063 1656 1134 qui

158 1155 410 1209 nonnulla
460 1159 810 1229 comprobant
845 1158 1156 1226 mendacia3
1203 1158 1340 1212 inter
1390 1166 1472 1212 tot
1519 1158 1657 1211 enim

157 1267 344 1303 eorum
381 1258 638 1322 patronos
686 1253 768 1305 vix
809 1271 969 1305 unum
1009 1261 1100 1306 aut
1135 1252 1360 1306 alterum
1404 1252 1655 1318 invenieS‚

157 1344 250 1414 qui
311 1343 522 1398 disertis
585 1346 757 1398 verbis
815 1344 1152 1398 mendacium
1211 1353 1304 1398 aut
1354 1343 1657 1400 indifferens

157 1444 253 1491 aut
303 1437 477 1491 ethice
537 1438 870 1494 indefinitum
923 1458 1042 1493 csse
1104 1438 1377 1506 docuerit,
1438 1459 1655 1512 paucos,

75 1567 81 1574 ·
155 1530 246 1600 qui
283 1530 425 1586 idem
463 1541 624 1605 turpe
661 1553 810 1599 esse,
849 1532 893 1588 si
930 1552 1030 1605 per
1057 1553 1116 1587 se
1151 1542 1451 1606 spectetur,
1487 1553 1654 1607 nega-

153 1627 326 1682 verint
351 1626 450 1699 b);
509 1639 570 1684 ut
620 1628 786 1699 igitur
832 1627 888 1682 id
937 1629 1113 1702 potius
1170 1629 1355 1701 quaeri
1400 1628 1656 1696 videatur,

150 1851 205 1910 h)
237 1855 419 1898 Praeter
438 1871 537 1911 eos,
561 1859 632 1912 qui
655 1858 841 1900 citantur
863 1859 928 1911 §5
958 1862 1045 1900 not.
1069 1870 1130 1910 ιη,
1161 1857 1237 1900 csr.
1266 1858 1493 1900 Cunrad
1522 1858 1588 1900 Di
1606 1872 1656 1901 e-

210 1931 389 1972 terici
419 1933 462 1974 in
494 1933 829 1975 institutionibus
862 1931 1138 1975 catecheticis
1170 1932 1396 1988 (Lipsiae,
1417 1933 1510 1975 sine
1525 1947 1654 1986 anno,

213 2016 311 2046 cum
354 2007 466 2047 notis
512 2007 720 2050 Christ.
755 2006 1093 2060 Chemnitii)
1138 2006 1193 2048 ad
1224 2012 1502 2062 praeceptum
1533 2013 1656 2050 octa-

212 2090 312 2119 vum
346 2084 575 2134 pag.168:
654 2081 833 2122 “Annon
867 2080 996 2121 etiam
1028 2093 1152 2122 omne
1188 2081 1359 2123 omniuo
1391 2082 1658 2125 mendacium

210 2150 514 2205 prohibitum?
586 2155 710 2207 Non,
754 2153 871 2195 aliud
904 2153 1017 2195 enim
1049 2159 1114 2194 est
1145 2156 1415 2197 mendacium
1446 2156 1657 2208 illicitum,

210 2225 328 2267 aliud
361 2227 548 2271 licitum:
604 2229 709 2271 illud
741 2230 913 2271 omnino
946 2227 1230 2285 prohibitum,
1287 2227 1369 2271 hoc
1400 2230 1658 2283 quandoque

212 2312 466 2344 concessum
512 2302 618 2345 est.⁷’
698 2303 845 2345 Barb
862 2316 1034 2356 cyrae
1074 2304 1117 2344 in
1158 2305 1272 2346 notis
1303 2303 1358 2345 ad
1389 2317 1498 2359 opus
1527 2305 1656 2346 Pus-

210 2373 503 2419 fendorfii
545 2376 694 2431 (Droit
727 2376 780 2419 de
822 2378 863 2419 la
893 2383 1046 2420 nature
1087 2383 1131 2420 et
1169 2377 1244 2419 des
1284 2392 1402 2432 gens.
1436 2376 1652 2420 Amsterd.

210 2448 367 2504 1706.)
410 2451 531 2493 LIV.
576 2450 640 2493 ch.
675 2454 714 2493 1.
759 2453 842 2503 §1
887 2455 1045 2493 not.l:
1125 2451 1188 2492 Ce
1230 2464 1314 2506 que
1350 2451 1398 2505 je
1434 2453 1552 2494 viens
1594 2451 1650 2493 de

208 2521 325 2575 dire,
358 2529 425 2566 est
455 2524 583 2567 fonde
615 2539 689 2567 sur
719 2526 781 2568 les
812 2525 1028 2581 principes
1058 2525 1112 2568 de
1144 2525 1227 2566 ΜΓ.
1263 2525 1429 2577 Titius,
1471 2525 1543 2580 qui
1580 2523 1646 2566 dit

208 2607 263 2636 en
282 2610 461 2652 propres
478 2604 656 2653 termes,
686 2598 789 2653 qu'il
815 2599 903 2641 faut
922 2599 1126 2642 desendre
1152 2604 1470 2650 ouvertement‚
1500 2597 1644 2640 hardi-

204 2675 323 2711 ment
341 2676 385 2713 et
400 2679 709 2717 constaminent
728 2678 842 2716 cette
859 2673 1047 2729 opinion,
1071 2681 1114 2717 et
1134 2689 1187 2717 ne
1205 2675 1326 2729 point
1342 2673 1545 2716 s'arreter
1566 2684 1654 2715 aux

211 2742 422 2798 prejugez
463 2762 705 2802 communs,
752 2749 858 2791 mais
899 2748 1114 2791 destituez
1159 2749 1214 2791 de
1261 2747 1530 2800 sondement,
1579 2747 1652 2803 qui

207 2817 410 2871 venient,
459 2820 559 2875 qu'il
600 2824 685 2866 soit
717 2821 915 2877 toujours
946 2823 1138 2866 crimine!
1185 2827 1225 2865 et
1271 2821 1418 2864 illicite
1457 2821 1512 2864 de
1553 2832 1654 2877 pat-

206 2889 271 2934 icr
303 2897 449 2937 contre
491 2907 537 2939 aa
570 2899 750 2951 pensem
802 2910 971 2949 errem,
1005 2898 1099 2950 qui.
1133 2910 1297 2939 comme
1335 2895 1546 2950 plusieurs
1575 2907 1653 2937 au-
