1719 3084
696 67 1096 122 ,44-

156 233 315 288 quam
352 221 412 266 ut
449 212 642 275 salsae,
693 228 851 278 quma
900 208 1061 262 modo
1101 209 1641 276 commemoravimus,

157 308 482 363 conclusioni
551 307 730 359 locum
809 307 1096 379 praebeam
1177 314 1404 379 utroque
1479 306 1643 377 igitur

153 412 405 476 respectu
485 400 786 476 rejicienda.
912 400 1106 471 Neque
1177 418 1303 453 vero
1377 400 1445 454 ad
1523 418 1643 454 eam

157 495 632 551 commendandam
695 495 870 549 valere
926 496 1117 560 debet,
1168 493 1314 566 quod
1367 494 1436 547 ad
1484 513 1642 565 expe-

155 593 376 646 diendas
414 592 467 644 in
502 591 622 644 loco
668 590 737 642 de
771 592 1056 645 veracitate
1093 609 1157 642 ac
1192 587 1468 643 mendacio
1506 588 1643 641 diffi-

157 687 381 741 cultates
437 686 572 737 viam
641 684 842 737 muniat
906 682 1353 751 commodiore1n3
1415 686 1643 757 primum

154 782 291 836 enim
323 798 428 832 non
464 778 520 832 id
557 778 764 850 agitur,
802 788 862 833 ut
894 778 1189 832 dissecetur
1226 779 1424 846 nodus,
1463 798 1645 832 verum

151 886 211 930 ut
246 876 505 941 solvatur,
544 894 650 927 non
685 883 745 929 ut
779 883 1149 928 removeantur
1181 883 1386 929 tantum
1418 873 1643 927 difficul-

150 980 321 1038 tateS.,
370 989 554 1023 verum
588 979 646 1024 ut
686 968 1062 1042 expedi-autum
1110 967 1305 1022 deinde
1344 989 1413 1022 ne
1449 969 1519 1023 ad
1559 988 1644 1022 re-

150 1065 436 1121 movendas
475 1064 688 1137 quidem
724 1063 919 1118 sufficit
954 1062 1090 1115 haec
1127 1062 1298 1117 notio:
1340 1062 1468 1134 quid
1505 1062 1644 1115 enim

152 1161 221 1217 ad
255 1181 399 1227 rem,
454 1158 599 1232 quod
637 1177 700 1210 ea
738 1156 967 1210 admissa
1016 1155 1156 1209 nulla
1193 1157 1410 1230 amplius
1455 1156 1516 1210 lis
1557 1156 1642 1209 fu-

149 1265 269 1309 tura
327 1255 422 1321 sit,
483 1254 706 1306 liceatne
762 1250 971 1304 mentiri
1024 1269 1222 1315 necne,
1296 1269 1458 1322 quum
1505 1268 1644 1304 nova

150 1349 351 1403 orlatur
407 1346 677 1419 quaestio,
738 1363 864 1396 num
926 1342 1219 1414 falsiloquio
1280 1363 1513 1415 unquam
1565 1344 1642 1398 uti

145 1444 328 1508 liceat,
369 1441 516 1515 quod
555 1440 829 1510 negabunt
864 1436 1024 1491 iidem
1071 1458 1284 1503 omnes,
1323 1437 1413 1509 qui
1447 1436 1642 1491 hucus-

146 1556 252 1612 que
300 1536 371 1590 de
416 1533 698 1591 mendacio
750 1531 1058 1605 negarunt?

289 1722 612 1786 Caeterum,
651 1718 797 1773 unde
833 1719 902 1774 sit
938 1719 1167 1788 factum,
1205 1729 1264 1775 ut
1299 1718 1439 1775 hanc
1473 1721 1643 1775 nomi-

142 1816 222 1871 nis
273 1815 608 1888 notionisque
644 1814 1072 1886 depravationem
1120 1815 1433 1870 inducerent
1481 1826 1641 1889 atque

141 1920 419 1966 tuerentur
469 1910 613 1964 haud
661 1911 819 1982 pauci
867 1910 1084 1981 ingenio
1135 1920 1294 1983 atque
1345 1911 1641 1965 eruditione

145 2006 355 2078 egregii
392 2005 512 2071 viri,
577 2025 683 2059 non
734 2014 816 2059 est
852 2004 1064 2058 difficile
1100 2005 1384 2060 intellectu.
1459 2007 1638 2066 Quum

142 2102 281 2154 enim
317 2102 371 2153 in
409 2101 579 2153 Sacra
631 2102 909 2172 Scriptura
954 2100 1129 2152 omnia
1181 2101 1392 2154 omnino
1440 2100 1637 2173 impr0‹

140 2197 268 2250 bata
305 2195 536 2249 invenire
573 2195 671 2249 sibi
709 2195 1010 2248 viderentur
1044 2194 1349 2261 mendacia,
1388 2195 1513 2267 ipsis
1554 2204 1636 2250 ta·-

140 2310 264 2344 men
299 2290 755 2363 persuasissimum
791 2299 960 2356 esset,
999 2290 1269 2344 nonnullas
1293 2309 1479 2344 eorum
1503 2290 1636 2345 clas-

141 2405 226 2439 ses
261 2387 428 2441 licitas
476 2404 622 2452 esse,
677 2384 832 2459 hujus
886 2384 1198 2440 diversitatis
1235 2385 1633 2440 fundamentum

139 2481 192 2532 in
231 2480 436 2534 diverso
471 2482 616 2535 vocis
654 2500 812 2536 sensu
846 2481 1012 2535 latere
1047 2481 1284 2535 arbitrati
1303 2489 1450 2547 sunt,
1490 2500 1633 2535 eam-

141 2594 246 2646 que
305 2596 465 2647 posse
523 2576 801 2633 mendacio
849 2577 949 2631 rite
1000 2575 1299 2630 definiendo
1357 2577 1630 2630 removeri.

139 2669 298 2723 Unde
335 2672 469 2725 istac
504 2681 654 2726 ortae
705 2671 987 2725 definiendi
1023 2673 1282 2737 rationeS‚
1332 2671 1520 2742 quibus
1560 2670 1629 2724 de

138 2765 310 2820 verbis
362 2765 564 2819 Sacrae
619 2767 930 2838 Scripturae
980 2764 1366 2831 concederent,
1438 2784 1628 2837 reapse

141 2877 290 2915 suam
337 2869 610 2916 tuerentur
658 2863 987 2917 sententiam.
1060 2860 1160 2915 Est
1207 2870 1385 2915 autem
1432 2878 1630 2933 operae
