1698 3084
646 68 1038 120 „108—

103 211 327 268 stantiae
377 209 513 264 entis
565 206 884 261 rationabilis
936 205 1039 259 hoc
1099 206 1282 261 saltem
1323 213 1590 260 momento

103 314 376 376 expertem
417 301 748 376 judicemus,
796 299 939 353 unde
975 301 1243 373 sequitur,
1295 300 1482 366 licere,
1532 309 1595 354 ut

103 399 255 454 sicuti
292 398 340 450 vi
377 404 561 468 aperta
608 394 679 448 ita
718 393 930 449 fallaciis
972 394 1475 449 consummationem
1515 392 1596 446 fa-

104 491 294 546 cinoris
331 489 678 563 impediamus
718 506 888 558 eaque
922 507 983 542 re
1020 489 1328 553 efficiamuS,
1365 497 1440 553 ut,
1465 506 1596 559 quo-

103 587 241 639 niam
279 585 513 639 internus
565 602 687 636 cum
733 581 856 651 lege
892 581 1065 636 divina
1121 601 1408 636 consensus
1458 581 1595 636 desi-

104 681 351 744 deretur,
410 687 656 733 externus
709 676 943 748 quamvis
990 676 1074 729 illo
1123 677 1334 730 nolente
1383 693 1596 729 conser-

102 786 271 831 vetur.
313 805 385 814 -—
423 772 609 827 Tertia
647 770 823 825 classis
872 779 953 824 est
986 770 1213 825 hostium
1251 770 1597 843 publicorum,

103 872 156 924 in
194 870 385 942 quibus
423 886 509 921 res
550 875 631 920 cst
667 864 826 938 paulo
870 866 1174 931 obscurior,
1213 867 1459 938 quoniam
1483 865 1596 918 nul-

103 965 211 1018 lum
258 971 339 1017 est
389 960 602 1035 quidem
650 959 896 1025 dubium,
958 959 1081 1031 quin
1127 962 1296 1032 possit
1340 961 1483 1027 fieri,
1540 969 1601 1014 ut

104 1059 343 1115 homines
379 1059 591 1128 integra
630 1054 953 1109 conscientia
999 1074 1145 1109 arma
1200 1055 1452 1109 adversus
1500 1074 1597 1108 nos

104 1155 435 1229 patriamque
472 1159 709 1204 nostram
759 1149 959 1215 serant,
1012 1159 1094 1204 est
1129 1169 1253 1204 vero
1293 1150 1451 1202 etiam
1485 1169 1597 1202 ma-

103 1251 381 1313 nifestum,
441 1246 629 1318 quibus
673 1244 796 1316 jure
833 1251 1014 1296 nostro
1052 1245 1238 1296 armati
1272 1244 1595 1309 resistamus,

103 1338 206 1399 vim
239 1343 404 1414 igitur
438 1339 627 1394 illaturi
665 1338 789 1409 quin
826 1338 981 1390 vitam
1016 1337 1250 1408 erepturi
1285 1339 1476 1404 simus,
1527 1337 1597 1391 de

103 1440 163 1495 iis
199 1456 305 1490 non
341 1434 458 1489 fieri
492 1451 653 1506 posse
702 1432 826 1502 quin
861 1429 1032 1497 idern,
1084 1431 1228 1503 quod
1266 1431 1334 1485 (le
1369 1433 1458 1498 iis,
1507 1438 1597 1502 qui

104 1529 341 1588 secunda
407 1527 577 1583 classe
641 1527 1003 1593 continentur,
1082 1529 1432 1583 statuerimus.
1518 1530 1598 1584 Ut

103 1630 336 1687 solvatur
373 1627 510 1680 haec
547 1622 860 1687 difficultaS,
901 1619 1189 1676 tenendum
1225 1632 1331 1688 est,
1382 1623 1596 1679 militem

101 1724 347 1781 hostilem
377 1718 640 1792 duplicem
664 1735 857 1789 gerere
880 1735 1178 1788 personam,
1201 1717 1418 1772 alteram
1444 1739 1594 1772 suam

102 1822 280 1894 ipsius,
312 1817 575 1872 alterama
600 1813 824 1877 civitate,
865 1830 962 1883 pro
1000 1831 1104 1883 qua
1133 1821 1354 1884 pugnat,
1375 1812 1472 1884 ipsi
1497 1813 1595 1867 im-

103 1917 357 1990 positam3
381 1909 522 1966 unde
548 1909 656 1973 fiat,
682 1915 739 1961 ut
764 1906 1027 1960 hominem
1056 1908 1206 1961 nobis
1237 1907 1315 1960 vel
1342 1917 1594 1979 tanquam

104 2012 330 2084 probum
367 2017 526 2079 atque
553 2003 833 2057 honestum
864 1985 1138 2073 cognitum
1169 2001 1248 2056 vel
1274 2001 1482 2054 omnino
1516 2001 1594 2054 in-

106 2105 410 2176 cognitum,
477 2109 685 2164 tamen,
762 2107 1021 2169 quatenus
1073 2099 1476 2152 instrumentum
1535 2116 1595 2150 se

104 2201 358 2272 praebeat
410 2196 630 2272 injuriae
692 2192 1027 2260 inferendae,
1094 2204 1346 2266 tanquam
1419 2192 1597 2264 turpia

105 2294 405 2348 molientem
477 2300 721 2364 spectare
788 2288 972 2355 liceat,
1047 2309 1203 2361 quem
1279 2288 1471 2360 igitur,
1551 2290 1595 2344 si

105 2398 343 2443 nostrum
380 2387 477 2452 sit,
528 2385 848 2458 utinjuriam
872 2385 1212 2458 repellamus,
1251 2394 1304 2438 et
1339 2385 1387 2437 vi
1410 2392 1595 2455 aperta

106 2488 360 2537 coercere
407 2490 460 2535 et
499 2480 820 2534 fallaciarum
873 2500 975 2552 ope
1013 2479 1388 2533 circumvenire
1423 2479 1591 2533 liceat.

107 2577 312 2640 Quodsi
352 2577 466 2648 quis
507 2576 747 2648 objiciat,
799 2575 850 2627 in
889 2574 1023 2627 bello
1060 2574 1224 2644 igitur
1260 2573 1448 2647 injusto
1486 2591 1591 2625 non

104 2673 263 2726 licere
310 2671 569 2735 fallacias,
633 2667 956 2742 responde-0,
1012 2687 1080 2719 ne
1130 2669 1228 2720 vim
1278 2667 1486 2739 quidem
1533 2667 1589 2720 li-

108 2784 261 2828 cere,
299 2763 349 2817 h.
387 2783 431 2816 e.
469 2765 714 2836 injustum
751 2763 938 2816 bellum
979 2782 1082 2816 non
1122 2782 1238 2816 esse
1274 2781 1446 2833 neque
1477 2781 1590 2815 sus-

107 2857 407 2932 cipiendum
445 2875 617 2926 neque
654 2856 982 2928 gerendum3
1022 2877 1198 2911 verum
1235 2856 1289 2909 id
1325 2874 1430 2909 non
1476 2874 1592 2909 esse
