1719 3084
609 82 1003 134 -37--

73 223 457 287 vocaverimus,
513 241 576 275 ea
628 221 786 274 licere
837 222 1217 292 intelligamus,
1269 237 1375 272 non
1426 219 1546 274 ideo

71 319 261 392 injusta
297 317 532 370 dicamus
566 317 756 381 licere,
795 316 888 369 sed
920 335 984 368 ea
1020 333 1277 386 negemus
1312 322 1403 367 aut
1431 332 1548 366 esse

71 422 162 467 aut
211 413 373 466 fuisse
407 412 625 484 injust33
674 411 718 464 si
758 411 872 481 quis
911 419 1088 463 autem
1124 408 1336 473 dixerit,
1385 426 1546 479 quae—

71 506 194 559 dam
249 506 531 579 injustitiae
585 504 823 577 exempla
880 504 1102 557 honesta
1171 521 1316 568 esse,
1373 502 1417 554 is
1478 502 1544 554 ab

69 601 309 654 omnibus
337 600 610 673 judicetur
645 599 878 665 nescire,
917 597 1045 669 quid
1081 597 1148 650 sit
1177 595 1438 670 injustitia.
1474 625 1545 634 —-

69 695 273 749 Contra
310 704 391 749 est
437 693 506 746 de
538 692 789 759 suicidi0‚
847 691 992 764 quod
1025 700 1243 756 vocant,
1295 709 1400 762 quo
1449 707 1545 741 no-

65 789 235 855 mine,
298 789 341 842 si
405 787 533 860 quid
588 787 769 854 viden,
832 787 955 840 nihil
1003 784 1143 839 aliud
1196 785 1541 855 significatur,

65 902 224 954 quam
271 882 409 936 actio
467 881 688 935 hominis
734 888 962 935 mortem
1013 879 1110 950 sibi
1168 878 1542 932 conseisoentis

65 978 176 1030 sine
227 977 328 1030 ulla
375 976 530 1049 hujus
581 975 801 1029 actionis
849 973 929 1026 vel
984 974 1416 1043 comprobatione
1460 971 1545 1024 vel

65 1070 472 1142 vituperatione:
545 1088 650 1141 quo
718 1070 806 1135 fit,
870 1077 958 1132 ut,
1014 1068 1245 1138 quamvis
1302 1066 1542 1119 omnibus

64 1165 292 1218 numeris
344 1164 637 1218 absolutam
673 1163 784 1237 ejus
821 1172 1004 1218 teneas
1043 1162 1340 1226 notionem,
1379 1179 1540 1232 quae-

60 1258 213 1312 rendi
262 1268 439 1313 tamen
489 1259 559 1312 de
595 1259 707 1333 ejus
742 1257 1066 1330 turpitudine
1101 1256 1424 1327 relinquatur
1463 1254 1539 1306 lo-

64 1373 187 1420 cus,
229 1363 310 1420 et,
363 1354 407 1407 si
454 1354 568 1424 quis
616 1362 840 1406 mortem
889 1352 1231 1405 voluntariam
1266 1351 1542 1403 honestam

63 1466 182 1501 esse
241 1446 598 1513 contenderit,
659 1448 703 1500 is
758 1466 863 1500 non
916 1446 1038 1499 ideo
1103 1446 1214 1518 ejus
1273 1444 1542 1497 notionem

61 1542 340 1612 ignorare,
380 1539 477 1594 sed
510 1539 692 1610 legum
735 1541 1025 1595 ethiearum
1057 1539 1261 1594 inscitia
1293 1538 1397 1591 labi
1435 1546 1540 1590 sta-

57 1643 254 1690 tuatur.
348 1636 471 1688 Jam
530 1654 655 1688 vero
710 1634 850 1688 haec
910 1642 991 1688 est
1041 1633 1283 1688 doctrina
1340 1650 1542 1696 eorum,

60 1749 289 1803 quorum
362 1728 692 1784 definitiones
780 1727 1073 1793 attulimUS‚
1165 1724 1545 1798 turpitudinem

62 1842 182 1877 esse
216 1821 494 1889 mendacii,
531 1822 981 1896 quemadmodum
1013 1821 1314 1895 injustitiae,
1342 1830 1544 1883 notam,

60 1918 113 1971 in
161 1936 334 1989 eoque
389 1918 757 1972 constituendo
808 1937 913 1971 non
961 1917 1132 1971 minus
1195 1913 1539 1978 essentialem,

61 2030 221 2083 quam
278 2011 344 2065 sit
406 2030 449 2065 v,
500 2031 546 2065 c.
610 2012 821 2066 fallendi
884 2012 1182 2077 eonsilium,
1238 2019 1300 2064 ut
1359 2009 1539 2080 igitur,

60 2104 337 2159 mendacio
397 2107 693 2174 nominato,
750 2127 815 2160 ea
871 2127 1084 2180 quoque
1140 2106 1207 2160 sit
1258 2104 1537 2166 nominata,

61 2200 106 2254 si
161 2217 279 2252 eam
352 2199 623 2255 sustuleris
643 2239 659 2267 9
723 2201 920 2257 nullum
976 2203 1041 2257 sit
1105 2199 1437 2256 mendacium
1459 2195 1539 2266 0)-

61 2437 108 2494 ο)
142 2438 498 2481 Pusfendorf
542 2439 668 2484 LIV.
721 2445 818 2484 c.1.
861 2444 956 2494 §9³
1004 2441 1155 2485 “Nam
1202 2438 1317 2493 quod
1364 2442 1538 2494 propter

123 2517 260 2554 certas
318 2513 653 2555 circumstantias
709 2514 1061 2569 vituperationem
1111 2514 1288 2566 effugit,
1334 2511 1539 2553 mendacii

122 2586 292 2628 nomine
324 2583 665 2638 haudquidquam
697 2592 764 2628 est
793 2589 1064 2630 notandum.'’
1128 2586 1196 2628 Ch
1210 2600 1241 2628 r.
1263 2585 1444 2628 Wolff
1468 2585 1539 2624 ln—

124 2659 259 2700 stitut.
292 2657 407 2699 Juris
436 2658 490 2700 N.
514 2663 557 2700 et
584 2660 639 2700 G.
673 2661 700 2711 ἓ
721 2663 832 2703 352:
865 2662 973 2704 “Ex
990 2662 1168 2703 adverso
1184 2665 1340 2711 autem,
1361 2672 1456 2701 cum
1473 2659 1541 2699 lex

127 2735 304 2773 naturae
347 2731 422 2772 det
447 2731 520 2785 jus
560 2731 615 2773 ad
647 2745 722 2786 ea,
767 2736 858 2777 sine
898 2736 1051 2790 quibus
1086 2735 1336 2789 obligationi
1374 2736 1545 2775 nostrae

129 2804 375 2846 satisfacere
406 2817 488 2846 non
519 2818 768 2860 possumus,
812 2808 845 2849 si
879 2809 944 2850 vel
988 2807 1130 2850 officio
1174 2808 1342 2850 cuidam
1372 2807 1439 2848 vel
1473 2806 1550 2844 ob—

133 2877 325 2930 ligatIOni
374 2879 539 2922 cuidam
590 2885 831 2923 contractae
878 2882 1122 2925 satisfacere
1167 2893 1426 2936 nequeamus
1474 2878 1554 2920 nisi
