1698 3084
593 112 661 122 --
740 84 840 137 107
918 112 998 123 .-

56 223 337 295 R'eliquum
384 234 492 289 est,
559 234 616 279 ut
662 224 844 296 paucis
902 220 1268 290 ostendamus,
1327 227 1540 297 quinam

55 317 159 371 sint
213 318 465 384 homines,
542 319 594 371 in
649 319 836 389 quibus
882 320 1047 373 vivam
1097 337 1161 372 ac
1207 331 1541 391 praesentem

60 429 164 463 non
216 412 474 483 possimus
527 430 822 483 agnoscere
868 414 1150 478 rationem,
1217 415 1403 484 quibus
1438 415 1542 486 igi-

60 512 148 557 tur
183 523 356 576 neque
390 515 692 577 respectum
723 507 1076 577 praestantiae
1111 515 1269 576 atque
1316 506 1541 577 dignita-

61 597 156 663 tis,
194 600 389 672 quippe
424 618 527 671 qua
561 618 624 652 eo
647 599 829 654 saltem
858 610 1098 671 tempore
1121 618 1227 652 non
1251 600 1540 670 gaudeant,

59 708 233 762 neque
291 693 642 748 sinceritatem
700 693 1003 748 debeamuS.
1100 694 1306 747 Eorum
1363 703 1540 748 autem

63 781 260 838 classes
298 796 508 858 praeter
555 807 714 840 unam
759 787 915 860 paulo
963 787 1307 842 difficiliorem
1352 799 1541 860 sponte

56 895 177 931 sese
236 880 477 936 offerunt.
585 882 824 934 Primum
877 882 1013 935 enim
1064 881 1170 935 huc
1228 883 1540 938 referendos

59 991 177 1025 esse
210 992 310 1045 per
355 995 414 1028 se
451 976 649 1028 clarum
689 983 773 1027 est
808 976 1000 1046 partim
1043 975 1152 1029 veri
1186 977 1406 1031 nominis
1461 979 1540 1031 in-

58 1065 263 1133 santes,
323 1069 377 1121 in
431 1070 619 1141 quibus
682 1069 916 1122 nondum
983 1071 1209 1124 excitata
1265 1071 1331 1125 sit
1388 1074 1542 1126 ratim

57 1161 249 1231 partim
286 1162 522 1229 adultos,
590 1162 671 1216 vel
709 1162 881 1216 subita
915 1160 1144 1233 quadam
1194 1166 1365 1218 morbi
1413 1186 1543 1237 gra-

56 1254 209 1310 vioris
262 1258 310 1310 vi
364 1257 643 1311 delirantes
718 1256 798 1309 vel
873 1274 973 1327 per
1025 1255 1234 1327 longius
1288 1261 1543 1331 temporis

59 1350 288 1419 spatium
348 1361 524 1406 mente
577 1360 777 1421 captos.
881 1350 1042 1402 Circa
1100 1360 1355 1423 utrosque
1415 1372 1542 1407 vero

57 1443 410 1511 monendum,
463 1454 550 1510 ut,
590 1445 834 1516 quoniam
872 1462 964 1496 eos
1002 1461 1108 1497 non
1143 1446 1239 1499 nisi
1288 1447 1424 1500 hanc
1470 1451 1542 1503 ob

59 1554 275 1591 causam
311 1539 491 1593 fallere
524 1539 705 1604 liceat,
754 1537 898 1611 quod
929 1539 1029 1592 sint
1066 1548 1119 1593 et
1156 1540 1404 1610 quamdiu
1440 1543 1544 1597 sint

57 1632 272 1687 rationis
322 1652 425 1688 usu
473 1633 707 1688 destituti
726 1674 741 1698 ‚
797 1651 1053 1686 summam
1103 1631 1442 1690 adhibeamus
1487 1638 1542 1691 in

57 1725 162 1780 hoc
187 1725 389 1799 judicio
432 1728 652 1783 ferendo
689 1728 861 1800 (quae
895 1745 980 1782 res
1018 1726 1161 1780 haud
1193 1746 1410 1799 parvam
1445 1730 1540 1783 ha-

57 1821 152 1874 bet
212 1819 604 1895 difficultatem)
663 1822 972 1877 cautionem.
1068 1822 1380 1889 Caeterum,
1449 1826 1539 1880 ubi

55 1923 148 1969 aut
183 1915 396 1987 quando
452 1915 710 1991 ejusmodi
759 1917 997 1969 homines
1052 1916 1229 1969 fallere
1278 1916 1540 1989 expediat,

56 2027 164 2062 non
199 2009 384 2064 ethic-is
437 2011 769 2067 constituitur
807 2010 1004 2082 regulis
1024 2051 1038 2076 ‚
1087 2019 1169 2065 est
1206 2020 1381 2065 autem
1415 2030 1538 2083 par-

57 2103 151 2156 tim
200 2123 265 2157 ex
312 2105 640 2160 medicorum
685 2115 845 2178 atque
894 2105 1337 2178 paedagogorum
1382 2105 1538 2160 disci-

56 2197 208 2269 plinis
269 2200 582 2269 petendum,
649 2201 840 2273 partim
896 2199 1224 2271 singulorum
1270 2200 1537 2256 hominum

57 2293 371 2364 prudentiae
432 2293 843 2367 relinquendum.
870 2325 940 2334 -—
972 2292 1182 2347 Deinde
1215 2313 1369 2360 vero,
1405 2314 1536 2367 quo-

58 2389 197 2442 niam
232 2389 285 2442 in
325 2410 388 2443 eo
426 2389 673 2462 ponenda
721 2390 787 2443 sit
835 2389 1151 2460 praestantia
1199 2389 1330 2444 entis
1377 2391 1535 2445 ratio-

58 2483 271 2550 nabilis,
310 2483 454 2555 quod
502 2485 738 2538 internae
783 2492 836 2536 et
883 2491 1203 2554 spontaneae
1251 2503 1416 2556 capax
1471 2487 1537 2541 sit

58 2596 177 2629 cum
200 2577 406 2648 legibus
435 2581 618 2633 ethicis
656 2577 987 2642 harmoniae,
1022 2577 1212 2647 igitur,
1250 2598 1535 2651 quemcun-

61 2691 163 2742 que
214 2673 383 2729 scelus
435 2673 646 2746 aliquod
700 2671 997 2744 suscepisse
1055 2690 1156 2724 non
1213 2674 1538 2746 suspicemur

57 2785 237 2820 verum
273 2769 344 2822 ita
378 2770 600 2823 sciamus
621 2811 633 2834 ,
672 2778 727 2823 ut
762 2770 813 2821 in
853 2788 917 2821 eo
949 2767 1205 2839 patrando
1243 2781 1535 2823 versantem

55 2859 571 2932 deprehenderhmffi,
614 2883 732 2916 eum
762 2882 861 2916 non
904 2862 1188 2934 poterimus
1227 2864 1348 2933 quin
1387 2882 1536 2935 prae-
