1719 3084
181 212 458 273 statuimus
500 216 560 262 ut
597 205 930 279 adjiciamuS,
967 202 1245 276 quoniam,
1283 210 1336 260 et
1376 222 1482 278 quo
1520 223 1677 259 sensu

181 305 392 379 singula
422 303 533 376 ejus
565 304 804 356 membra
829 300 932 356 sint
960 298 1328 370 intelligenda,
1366 306 1420 351 et
1445 317 1676 370 quonam

175 404 300 479 jure
335 401 431 453 has
468 398 795 452 necessarias
846 414 964 450 esse
1002 394 1385 448 contendamus
1424 391 1492 446 ad
1527 412 1674 446 men-

183 497 395 551 dacium
440 491 865 548 constituendum
900 499 1082 556 notaS,
1134 489 1262 543 alias
1309 507 1416 542 non
1459 488 1673 561 requiri,

181 593 249 648 sit
305 592 358 644 in
429 588 864 644 antecedentibus
923 585 1162 658 pluribus
1225 583 1545 655 expositum,
1604 583 1674 636 de

176 685 366 758 quibus
407 683 495 755 qui
528 683 680 736 nobis
719 681 1073 745 consenserit,
1125 697 1230 732 non
1263 679 1493 750 poterit,
1546 678 1671 751 quin

179 777 469 835 definitioni
506 796 720 850 quoque
757 776 1092 847 suffragetur.

320 872 455 929 Illud
491 892 655 927 unum
700 872 858 927 liceat
903 870 1060 924 veluti
1107 869 1161 922 in
1209 866 1506 942 appendice
1560 887 1673 922 mo-

173 970 384 1035 nuisse,
438 968 483 1023 si
531 967 601 1023 ad
654 968 794 1022 hanc
856 965 1214 1020 definitionem
1257 982 1514 1018 revocare
1561 963 1671 1036 pla-

173 1066 370 1131 cuerit,
430 1084 562 1137 quas
610 1082 771 1135 supra
818 1060 1370 1124 commemoravimus,
1430 1056 1501 1111 de
1553 1057 1666 1130 qui-

165 1159 394 1215 busdam
455 1158 668 1212 fallaciis
717 1165 808 1212 aut
856 1155 1220 1211 adscribendis
1266 1151 1665 1209 mendaciorum

163 1273 387 1310 numero
435 1264 527 1309 aut
585 1252 709 1307 inde
762 1251 1050 1306 eximendis
1106 1251 1388 1305 doctorum
1433 1249 1665 1303 virorum

161 1349 311 1415 lites,
351 1350 496 1414 fore,
534 1356 595 1402 ut
641 1346 991 1417 intelligatur,
1029 1346 1154 1399 nihil
1187 1364 1306 1400 esse
1343 1354 1435 1401 aut
1477 1346 1532 1399 in
1566 1347 1666 1400 ho-

158 1452 368 1498 nestate
419 1443 536 1497 finis
588 1442 917 1508 remotioris,
984 1449 1078 1495 aut
1127 1441 1181 1493 in
1244 1459 1454 1508 eorum,
1522 1460 1665 1514 quae

154 1538 466 1604 tradantur,
524 1535 594 1590 ad
647 1537 861 1609 plenam
908 1537 1182 1592 veritatem
1232 1536 1659 1610 praeparandam

154 1633 379 1689 utilitate
402 1631 504 1704 z),
561 1641 652 1687 aut
686 1633 740 1685 in
778 1632 1063 1687 artificioso
1105 1631 1316 1685 fallendi
1350 1631 1512 1687 modo
1547 1633 1656 1705 ΖΕ)

149 1729 395 1795 rationis,
431 1746 554 1794 cur,
593 1728 636 1781 si
666 1737 846 1781 cetera
877 1727 980 1781 rite
1013 1736 1364 1794 conc-urrant,
1393 1727 1652 1800 ejusmodi

150 1823 394 1879 fallaciae
434 1822 716 1878 mendacia
750 1842 871 1878 esse
919 1832 1201 1895 negentur.
1274 1823 1476 1878 Verum
1514 1824 1651 1878 haec

144 1919 435 1987 hactenus;
515 1938 779 1992 quaenam
851 1920 989 1974 enim
1046 1918 1371 1974 fallaciarum
1441 1937 1649 1990 genera

143 2016 247 2071 sint
282 2035 346 2069 ex
385 2014 691 2070 definitione
727 2023 910 2069 nostra
944 2013 1257 2080 mendacia,
1306 2013 1445 2067 facili
1480 2033 1648 2087 opera

139 2109 400 2182 intelliget
461 2111 712 2182 quisque3
791 2111 943 2165 nobis
995 2109 1065 2164 de
1115 2109 1330 2163 notione
1383 2109 1646 2164 mendacii

142 2205 303 2260 certis
329 2205 445 2278 jam
488 2206 714 2260 transire
755 2206 931 2261 licebit
966 2205 1035 2259 ad
1070 2204 1374 2260 solvendam
1408 2204 1479 2260 de
1496 2225 1644 2262 men-

138 2300 294 2354 dacio
339 2300 516 2355 ethice
553 2299 881 2354 aestimando
924 2300 1301 2375 quaestionem.
1372 2355 1376 2357 ,

137 2444 188 2499 z)
222 2444 360 2500 Esse,
403 2447 476 2502 qui
518 2444 593 2488 has
634 2445 689 2487 ob
723 2459 874 2488 causas
904 2443 1137 2487 mendaciis
1167 2442 1354 2486 adscribi
1386 2445 1521 2488 nolint
1561 2445 1643 2488 fal-

195 2519 329 2561 lacias
373 2520 604 2575 quasdam,
671 2533 782 2575 quae
830 2519 961 2574 vulgo
1006 2515 1089 2560 hoc
1133 2519 1305 2561 nomine
1342 2519 1642 2574 insigniantur,

188 2595 521 2638 monstravimus
552 2597 579 2648 S
600 2598 623 2637 1
674 2598 872 2636 exeunte.

130 2671 209 2728 zz)
258 2673 381 2718 Haec
423 2678 584 2721 etenim
629 2676 803 2734 propria
848 2680 915 2719 est
954 2675 1091 2729 ratio,
1133 2689 1210 2719 cur
1257 2674 1458 2731 ambigue
1505 2675 1635 2727 dicta,

183 2747 476 2792 restrictiones
519 2751 623 2794 item
657 2756 788 2804 atque
817 2750 1134 2794 reservationes
1163 2751 1368 2794 mentales
1400 2763 1426 2792 e
1456 2762 1636 2792 numero

184 2819 503 2869 mendaciorum
521 2824 753 2869 eximenda
774 2836 871 2869 esse
888 2825 1145 2880 doceantur,
1163 2825 1237 2869 cfr.
1256 2826 1284 2878 ἓ
1299 2827 1339 2868 4.
1357 2837 1456 2881 pag.
1475 2827 1631 2867 27—32.

621 2942 1084 2964 m-
