1719 3084
704 97 774 111 ..-
864 70 938 124 40
1024 98 1100 112 ....

153 219 329 268 tamen
378 230 442 266 ex
486 210 694 283 legibus
743 211 930 266 ethicis
979 212 1080 268 rite
1138 214 1410 288 explicatis
1467 216 1642 270 omnia

151 307 428 361 mendacia
472 306 648 360 illicita
695 326 814 360 esse
865 305 1124 373 doceant,
1181 328 1496 383 quacunque
1545 310 1640 364 de-

152 420 298 456 mum
333 399 767 456 commendentur
801 401 1094 456 honestatis
1125 405 1317 474 specie.
1393 406 1524 470 “At,
1561 405 1640 457 in-

153 497 366 567 quiunt,
415 496 502 550 isti
562 515 744 549 omnes
803 494 872 549 de
927 496 1230 568 falsiloquiis
1293 497 1641 571 disputarunt,

154 609 261 643 non
299 589 367 643 de
403 589 722 656 mendac-iis,
772 591 916 644 circa
953 610 1018 645 ea
1052 591 1402 663 improbanda
1438 612 1643 648 summa

154 694 236 739 est
307 683 636 737 concordia.''
678 684 744 757 q)
831 684 1033 740 Audio!
1125 687 1326 742 Verum
1389 687 1432 751 si
1495 688 1640 758 ipsos

155 778 400 844 consulo,
437 777 521 831 alii
556 778 1072 834 mendaciorum
1109 780 1440 854 quorundam
1476 780 1643 835 diser-

152 873 218 927 tis
269 873 442 927 verbis
497 892 557 928 se
606 872 895 928 ostendunt
948 875 1029 929 vel
1066 875 1383 932 addubitare
1429 876 1511 930 vel
1549 894 1644 929 nc-

152 985 289 1038 gare
343 966 726 1040 turpitudinem
751 968 842 1039 r),
893 969 978 1023 alii
1033 971 1259 1025 eandem
1314 971 1642 1043 argumentis

210 1222 320 1265 pour
361 1222 407 1251 se
439 1209 628 1263 garantir
676 1223 754 1263 soy
801 1210 941 1253 meme
988 1210 1043 1253 de
1086 1211 1270 1264 quelque
1302 1209 1410 1264 peril
1443 1208 1643 1261 eminent,

209 1288 255 1325 et
296 1284 331 1325 si
377 1285 441 1324 les
485 1296 744 1337 mensonges
790 1283 917 1337 qu'on
964 1285 1134 1338 appelle
1181 1284 1382 1326 officieux
1428 1288 1525 1324 sont
1566 1283 1643 1324 des

208 1356 414 1412 pechez?
444 1381 503 1387 —
543 1357 956 1410 Braggemann
989 1358 1305 1399 Commentatio
1336 1357 1390 1399 de
1421 1357 1645 1399 mendacio

207 1430 465 1472 necessitate
496 1435 666 1472 extorto
700 1435 782 1472 etc.
816 1429 1076 1484 (Gottingae
1109 1434 1238 1471 1797.
1272 1430 1448 1486 quarto)
1480 1444 1580 1486 pag.
1599 1433 1641 1472 4.

151 1524 202 1583 q)
254 1524 415 1567 Mosh
433 1526 536 1568 eim
583 1525 845 1569 Sittenlchre
906 1525 984 1568 der
1048 1525 1234 1580 heiligen
1283 1526 1445 1569 schrift
1513 1530 1543 1568 ’ἴ
1561 1524 1642 1568 Th.

209 1602 325 1651 §26.
358 1615 457 1655 pag.
478 1603 594 1642 420:
643 1599 756 1641 “ich
798 1613 903 1654 sage
949 1601 1026 1642 mit
1064 1600 1258 1642 Bedaclit
1300 1598 1643 1642 Unwahrlieiten.

207 1673 331 1715 Denn
363 1686 409 1714 es
450 1674 507 1715 ist
549 1676 645 1727 nie,
696 1675 847 1716 soweit
876 1687 956 1714 uns
998 1673 1066 1716 die
1099 1672 1356 1716 Geschichte
1388 1673 1464 1715 der
1493 1671 1642 1714 Philo-

207 1745 354 1801 sophie
402 1759 443 1788 u.
493 1746 570 1788 der
623 1746 895 1789 christlichen
937 1747 1200 1789 Sittenlelire
1244 1746 1408 1800 saliret,
1459 1746 1647 1788 dariiber

207 1821 435 1873 gestritten
465 1820 639 1862 worden
683 1821 788 1863 oder
819 1823 914 1863 eine
947 1822 1224 1875 Uneinigkeit
1264 1820 1544 1872 entstanden,
1589 1820 1645 1861 ob

207 1907 306 1935 man
339 1894 448 1936 oline
479 1896 748 1949 Verletzung
779 1896 918 1936 seines
945 1896 1191 1937 Gewisscns
1226 1896 1356 1948 liigen
1384 1896 1526 1937 konne
1559 1899 1642 1936 cet.

149 1976 194 2031 r)
230 1977 543 2019 Celeberrimos
587 1992 747 2033 paucos
791 1991 888 2020 cum
933 1978 1197 2031 antiquitatis
1238 1983 1329 2019 tum
1360 1977 1644 2018 recentiorum

207 2055 448 2106 temporum
513 2052 627 2093 viros
685 2052 926 2093 nominasse
997 2052 1203 2092 sufficiet:
1283 2049 1457 2091 Csratur
1511 2050 1645 2102 igitur

210 2121 381 2168 Plato
413 2124 467 2166 de
497 2125 716 2181 republica
747 2127 965 2180 pag.266.
1005 2124 1214 2177 (Edition.
1248 2123 1529 2179 Bipontinae]
1563 2133 1645 2166 τοις

172 2230 176 2232 v
208 2201 368 2247 ἄρχουσι
400 2200 441 2241 δη
467 2215 532 2242 τῆς
562 2209 704 2242 oroma-t,-
733 2222 793 2228 ·--
817 2222 877 2230 -—
907 2213 1085 2251 ‘nevernum
1114 2199 1319 2244 ψευδεσθαι
1340 2203 1423 2240 cet.
1473 2199 1643 2242 Quin-

209 2271 464 2313 tilianus
525 2272 577 2313 dc
637 2273 904 2314 institutione
961 2272 1149 2313 oratoria
1212 2269 1301 2324 (ed.
1358 2272 1645 2312 Burmann

210 2344 355 2398 Lugd.
387 2345 486 2387 Bat.
521 2344 676 2400 1720.)
727 2346 819 2386 libr.
839 2344 938 2387 XII.
988 2359 1079 2399 cap.
1112 2348 1151 2386 1.
1214 2343 1506 2386 “Concedant
1546 2343 1648 2386 mihi

212 2431 361 2461 omnes
393 2424 593 2475 oportet,
631 2418 745 2472 quod
778 2418 1025 2460 Stoicorum
1056 2431 1227 2472 quoque
1259 2419 1481 2474 asperrimi
1512 2419 1649 2460 confi-

212 2496 382 2546 tentur,
413 2494 625 2535 facturum
656 2492 883 2545 aliquando
925 2492 1083 2532 bonum
1113 2493 1275 2546 virum,
1305 2497 1354 2544 ut
1384 2491 1652 2533 mendacium

212 2565 326 2606 dicat
357 2589 415 2596 --
445 2591 505 2596 —-
534 2590 622 2618 —-,
670 2570 717 2606 ut
765 2564 872 2616 hoc,
922 2565 1036 2617 quod
1067 2566 1173 2606 alias
1205 2567 1247 2607 in
1294 2565 1426 2611 servis
1478 2575 1650 2618 quoque

212 2638 607 2693 reprehendendum
657 2644 747 2691 est,
795 2639 852 2680 sit
896 2639 1003 2680 alias
1051 2640 1218 2695 inipso
1249 2640 1442 2694 sapiente
1471 2637 1652 2678 laudau-

211 2711 355 2755 ‹lu1n.'’
453 2714 720 2755 Clemens
762 2712 1229 2766 Alexandrinus,
1277 2712 1349 2766 qui
1396 2710 1649 2765 sapientem,

214 2800 343 2842 quem
373 2786 559 2837 inducit,
606 2786 828 2828 mendacio
876 2786 940 2827 uti
971 2785 1099 2838 facit,
1147 2787 1222 2828 tali
1264 2785 1488 2835 nimirum,
1533 2783 1649 2836 quod

216 2861 311 2902 aliis
342 2862 397 2901 sit
434 2861 646 2912 salutare,
694 2862 898 2902 Stromat.
920 2858 1017 2901 VlI.
1064 2871 1164 2914 pag.
1185 2862 1286 2900 863.
1320 2857 1411 2912 (ed.
1443 2857 1650 2900 Potter
