1719 3084
599 77 988 130 ..ιη-.-

52 223 175 277 hine
221 221 357 274 illine
402 218 574 290 petitis
610 227 904 272 monstrare
947 216 1361 289 aggrediuntur,
1411 223 1524 292 qui->

52 318 150 368 bus
209 313 475 380 omnibus,
530 314 574 367 si
621 311 878 366 mendac-ii
928 321 1052 365 nota
1105 321 1186 366 est
1234 315 1525 385 turpitudo,

54 408 176 462 nihil
210 407 451 480 profecto
497 407 721 478 eogitari
755 413 931 477 potest
970 406 1213 460 insanius.
1249 439 1319 447 —-
1369 409 1525 462 “Iino

51 520 362 575 perperam,
439 502 744 574 subjiciunt,
804 501 1159 572 interpretaris
1217 504 1528 558 sententiam

52 607 313 663 nostram3
356 597 547 650 'scimus
577 594 819 666 equidem
855 593 924 646 de
954 594 1258 663 mendaciO,
1295 597 1338 650 si
1371 600 1532 652 verba

16 749 18 754 ,
53 691 229 764 placet
279 691 492 762 urgeri,
549 690 872 762 disputatum
919 708 1065 755 esse,
1125 690 1221 744 sed
1267 700 1378 745 tum
1426 693 1531 747 hoc

54 804 250 839 nomen
301 785 493 838 eodem
532 803 718 849 sensu,
771 803 876 855 quo
919 784 1266 855 falsiloquium
1326 785 1530 840 adhibi-

53 887 167 933 tum
204 886 316 944 est,
367 879 446 931 sin
492 877 827 931 mendacium
876 896 940 930 ex
990 887 1169 932 nostra
1225 879 1532 951 intelligitur

57 972 387 1037 definitione,
441 970 510 1024 de
567 971 679 1045 ejus
725 970 1048 1042 turpitudine
1096 990 1251 1026 nemo
1303 993 1534 1046 unquam

59 1066 354 1120 dubitavit.”
381 1065 440 1135 s)
488 1096 561 1106 ·-
631 1065 888 1136 Intelligo.
975 1065 1117 1125 Quid
1178 1075 1353 1121 autem
1411 1069 1534 1122 hine

57 1162 296 1230 sequitur
352 1159 522 1226 aliud,
576 1178 734 1230 quam
785 1159 932 1213 vobis
981 1159 1270 1230 plac-uisse,
1324 1163 1534 1216 mutatis

58 1259 340 1312 verborum
381 1255 874 1326 significationibus,
923 1253 1052 1308 tales
1088 1273 1303 1308 movere
1334 1258 1538 1322 turbam,

59 1359 119 1405 ut
151 1349 276 1403 inde
317 1350 401 1403 vix
447 1349 546 1421 ipsi
583 1347 909 1419 emergatis?
982 1347 1215 1414 Quodsi,
1254 1366 1392 1418 quae
1431 1350 1538 1404 aliis

59 1442 366 1507 mendacia,
429 1461 495 1496 ea
545 1442 691 1495 vobis
746 1441 1037 1513 falsiloquia
1093 1450 1244 1506 sunt,
1302 1443 1356 1495 in
1401 1444 1539 1497 vado

59 1539 223 1610 igitur
272 1553 484 1602 sumus,
533 1536 732 1607 quippe
778 1535 868 1604 qui
914 1535 1274 1604 antiquitatem
1310 1538 1542 1592 secuturi

61 1632 239 1698 simus,
277 1629 737 1695 universalitatem,
776 1647 1107 1694 consensum,
1141 1646 1248 1682 non
1281 1631 1539 1702 impoten-

62 1736 170 1781 tem
218 1724 540 1797 privatorum
589 1721 921 1795 quorundam
971 1722 1247 1776 licentiam.
1341 1724 1541 1792 Quare,

64 1822 108 1876 si
141 1820 274 1876 tanti
325 1827 404 1874 est
448 1819 595 1873 vobis
643 1817 786 1872 notio
832 1817 918 1872 illa
966 1817 1239 1890 falsiloquii
1290 1820 1541 1874 eonstitu-

124 2043 266 2084 Oxon.
298 2035 454 2090 1715).
516 2033 964 2089 Chrysostomus
1006 2032 1060 2075 de
1091 2034 1352 2089 poenitentia
1389 2034 1545 2078 Homi-

125 2116 184 2157 lia
213 2112 310 2157 VII.
345 2111 411 2164 (in
441 2109 559 2151 Edit.
586 2110 778 2164 Operum
807 2112 983 2149 curante
1013 2107 1202 2149 Monts
1210 2122 1233 2148 a
1246 2109 1413 2162 neon)
1447 2123 1543 2163 pag.

125 2191 240 2230 335:
272 2198 308 2226 n.
338 2195 454 2223 καλου
487 2184 639 2229 ψευδους
671 2187 752 2223 cet.
814 2182 855 2222 J.
890 2181 1147 2222 Crellius
1179 2182 1221 2222 in
1250 2168 1404 2222 Ethiea
1435 2181 1547 2223 chri-

127 2262 264 2303 stiana
296 2256 567 2311 (Cosmopoli
596 2254 750 2310 1681.)
801 2255 828 2295 l.
847 2254 922 2296 IV.
972 2267 1070 2308 pag.
1091 2258 1208 2296 518:
1256 2256 1436 2307 “Vulgo
1467 2269 1548 2296 au·-

127 2338 215 2375 tem
259 2337 406 2372 notum
453 2335 540 2382 est,
583 2330 667 2371 alia
708 2327 929 2370 mendacia
975 2328 1103 2368 certis
1142 2328 1185 2368 in
1227 2329 1392 2369 casibus
1432 2330 1548 2370 licita

129 2405 321 2456 censeri,
365 2417 472 2456 quae
513 2403 642 2444 etiam
670 2402 890 2443 mendacia
930 2400 1108 2441 honesta
1138 2413 1215 2441 seu
1245 2401 1435 2443 officiosa
1476 2415 1549 2444 so-

128 2481 218 2521 lent
249 2477 482 2532 appellari,
529 2476 584 2517 de
617 2475 770 2529 quibus
814 2475 858 2516 in
886 2473 1079 2526 Ethicis‚
1128 2474 1210 2514 alia
1241 2474 1394 2516 vitiosa
1424 2489 1549 2530 pror-

131 2564 205 2595 sus
237 2555 319 2593 cet.

71 2633 116 2689 s)
149 2633 248 2674 Huc
296 2630 502 2684 redeunt,
550 2642 660 2683 quae
706 2628 833 2671 habet
879 2628 1149 2670 Buddeus
1189 2628 1372 2672 Institut.
1417 2629 1546 2672 theol.

132 2705 280 2750 moral.
327 2705 444 2747 Part.
462 2705 516 2746 Π.
560 2719 596 2746 c.
619 2708 660 2746 3.
706 2708 809 2745 sect.
827 2706 869 2745 5.
901 2705 946 2758 ἐς
963 2704 1021 2744 33
1047 2706 1163 2744 not.:
1212 2703 1388 2745 “Omne
1420 2704 1550 2757 igitur

83 2798 86 2800 ·
133 2778 423 2830 mendacium,
470 2779 504 2819 si
536 2790 685 2820 vocem
715 2778 776 2820 ita
807 2779 976 2833 capias,
1007 2781 1054 2820 ut
1085 2790 1179 2821 eam
1210 2775 1276 2819 hic
1307 2778 1550 2834 accipinnu5‚

136 2854 312 2895 invoivit
340 2850 513 2895 vitium’'
544 2856 626 2893 eet.
