1719 3084
595 99 983 154 ...33-

51 239 434 293 observantiam
496 249 733 295 mutuam
806 241 1103 297 testandam
1167 249 1222 295 et
1281 247 1534 301 sermonis

49 331 312 404 quandam
352 343 627 388 versantur
662 335 1043 390 urbanitatem:
1079 337 1131 388 in
1149 345 1377 408 utroque
1397 339 1535 393 enim

47 444 250 496 genere
284 437 374 481 aut
408 428 575 501 majus
626 436 718 482 aut
762 430 931 483 minus
981 439 1073 484 aut
1119 429 1262 483 aliud
1299 441 1444 486 certe
1480 442 1536 487 et

47 520 266 591 loquens
304 521 410 575 vult
432 522 697 588 indicare,
737 532 790 577 et
823 523 1062 594 intelligit
1089 523 1333 589 audiens,
1376 545 1531 596 quam

43 615 208 668 verba
256 616 470 687 proprie
521 625 722 670 sonant.
810 618 957 678 Quas
1003 617 1251 690 loquendi
1299 619 1530 673 rationes

49 708 194 779 quod
238 708 307 761 de
352 708 749 763 mendaciorum
795 729 1013 764 numero
1062 712 1288 765 eximere
1325 712 1532 767 dubita-

46 804 119 857 vit
142 812 295 857 autor
323 803 685 874 philosophiae
716 804 929 857 criticae
951 804 1013 874 ἵε)
1029 847 1043 870 ,
1081 806 1318 877 impense
1339 807 1532 876 miror3

44 897 244 952 caeteri
278 906 482 951 tantum
517 915 623 948 non
659 915 841 949 omnes
889 897 1012 949 inde
1047 916 1153 952 una
1189 919 1320 953 voce
1357 902 1531 954 exclu-

45 991 207 1058 dunt3
259 992 312 1044 in
364 1010 429 1044 eo
468 999 645 1043 autem
677 989 836 1062 paulo
873 991 1286 1062 negligentiores
1339 993 1530 1067 depre-

44 1085 347 1139 henduntur
381 1083 620 1156 plerique
657 1084 740 1153 l),
778 1083 922 1155 quod
959 1085 1088 1138 falsa
1116 1085 1323 1138 dicendi
1354 1107 1529 1142 exem-

41 1179 130 1251 pla
164 1187 381 1245 vocant,
439 1177 508 1230 ad
543 1196 725 1231 verum
776 1178 914 1230 enim
952 1178 1234 1233 dicendum
1272 1190 1419 1245 sunt,
1469 1192 1529 1236 ut

33 1272 146 1347 jam
180 1272 614 1339 monstravimus,
650 1271 993 1338 referendae,
1032 1271 1152 1325 ideo
1191 1282 1366 1328 autem
1401 1293 1526 1346 pro-

41 1367 210 1438 priam
256 1368 579 1421 constituunt
629 1364 878 1431 classem,
930 1365 1073 1437 quod
1122 1384 1218 1438 per
1269 1369 1526 1439 ambages

39 1479 222 1516 verum
257 1461 472 1524 dicitur,
511 1476 617 1511 non
653 1457 969 1530 simpliciter.

179 1601 475 1672 Antequam
511 1602 654 1656 hunc
690 1600 760 1655 de
796 1600 927 1655 falsa
966 1601 1194 1656 dicendo
1229 1600 1405 1657 locum
1436 1623 1525 1657 va-

40 1693 151 1747 lere
189 1688 500 1767 jubeamus,
548 1703 742 1761 restat,
799 1703 858 1748 ut
906 1713 1012 1748 non
1062 1695 1159 1748 nisi
1206 1696 1526 1751 enuntiativa

43 1788 285 1841 oratione
321 1788 508 1842 falsum
545 1789 650 1842 dici
684 1789 969 1842 lectoribus
1005 1788 1057 1841 in
1098 1790 1404 1842 memoriam
1439 1809 1523 1843 re-

43 1901 308 1937 vocemus,
380 1883 621 1949 Etenim,
661 1884 814 1937 sicuti
851 1902 957 1936 non
978 1901 1101 1937 vera
1121 1882 1341 1937 dicimus
1363 1903 1524 1955 quae-

38 1976 237 2043 rendO,
302 1976 642 2049 imperandO,
711 1976 1091 2042 exclamandO,
1146 1977 1414 2044 vocandO,
1472 1990 1527 2034 et

40 2090 179 2142 quae
233 2080 355 2126 sunt
399 2070 498 2124 alia
545 2071 828 2145 ejusmodi,
875 2072 950 2127 ita
998 2070 1067 2124 de
1117 2071 1247 2125 falso
1296 2072 1523 2127 dicendo

38 2163 180 2217 idem
215 2165 387 2218 valere
423 2164 610 2231 debet,
660 2174 720 2220 ut
750 2166 913 2236 igitur
949 2185 1054 2219 non
1092 2165 1222 2220 falsa
1262 2165 1430 2232 dicat,
1477 2168 1521 2221 si

41 2278 199 2330 quem
251 2279 295 2311 V.
332 2278 376 2311 o.
424 2260 675 2313 faciamus
723 2260 805 2315 vel
852 2261 1142 2332 imperare,
1202 2281 1339 2333 quae
1386 2264 1523 2315 bene

40 2352 174 2407 sciat
208 2370 312 2403 non
366 2371 483 2406 esse
520 2354 573 2406 in
608 2354 900 2409 obedientis
949 2363 1241 2427 potestate,
1307 2355 1388 2409 vel
1435 2376 1520 2409 so-

41 2445 238 2499 cratice
291 2449 509 2516 «εἴρωνα
536 2449 603 2500 ab
653 2448 815 2503 altero
876 2467 1162 2522 quaerere,
1226 2467 1362 2519 quae
1405 2449 1522 2521 ipse

38 2540 176 2592 bene
220 2539 415 2593 habeat
453 2551 735 2613 comperta.
808 2544 986 2605 Quum
1033 2560 1158 2599 vero
1204 2541 1258 2595 in
1303 2543 1520 2597 menda—

39 2780 90 2835 k)
121 2781 465 2839 Metaphysische
499 2781 853 2840 Anfangsgriinde
883 2780 959 2823 der
987 2778 1287 2835 Tugendlehre
1330 2795 1427 2838 pag.
1448 2786 1518 2824 87.

39 2871 80 2926 l)
115 2874 269 2918 Melius
297 2877 500 2921 Abram
530 2878 610 2919 1.1.
639 2891 675 2920 c.
695 2880 762 2920 15.
793 2877 822 2930 S
841 2877 939 2916 107·

1104 2953 1141 3005 3
