1698 3084
555 101 954 155 ..nn-

15 263 201 324 *neque
240 244 526 299 honestatis
564 253 719 316 atque
766 244 965 297 virtutis
1015 260 1223 309 amore,
1284 244 1372 314 qui
1409 244 1501 297 fal-

29 338 201 390 lantur
239 345 430 402 autem,
467 337 519 389 in
554 337 613 390 iis
653 347 893 392 neutrum
930 338 1102 409 magis
1138 334 1376 390 videatur
1413 354 1501 390 ex-

32 428 407 502 spectandum,
461 431 653 502 quippe
713 451 933 503 quorum
984 432 1270 486 intellectus
1321 448 1502 483 errore

30 525 124 577 fiat
159 523 428 589 ‹leteri0r5‘
471 525 703 579 voluntas
742 544 834 591 eo,
893 525 1035 598 quod
1079 544 1260 579 errore
1303 524 1502 579 inducti

18 617 258 684 fac-iant,
298 617 441 688 quod
475 629 693 691 propter
718 619 890 692 justas
927 629 1085 691 atque
1120 619 1376 690 genuinas
1413 637 1499 671 ra-

31 711 199 764 tiones
254 727 358 763 non
395 710 612 766 fuissent
649 713 864 779 facturi,
916 714 998 767 vix
1032 713 1215 766 melior
1246 711 1502 779 reddatur

32 813 124 859 aut
156 804 444 858 honestatis
484 806 754 860 amantior.
844 808 1144 879 Egregium
1199 815 1279 861 est
1325 815 1500 861 autem

28 897 101 953 ad
148 896 447 953 solvendam
508 897 576 951 de
630 899 708 953 his
765 901 1090 972 potissimum
1143 901 1502 973 quaestionem

31 1011 216 1045 eorum
250 1000 598 1057 momentum,
636 1010 772 1062 quae
808 992 876 1046 de
909 994 1229 1048 fallaciarum
1264 994 1334 1048 ad
1354 994 1503 1066 leges

33 1084 387 1139 conscientiae
421 1084 672 1138 relatione
705 1104 864 1157 supra
900 1098 1019 1142 sunt
1072 1107 1104 1142 a
1140 1089 1290 1143 nobis
1326 1089 1503 1161 dispu-

35 1187 160 1234 tata.
223 1177 570 1233 Intelleximus
609 1179 771 1245 enim,
827 1188 1009 1251 turpes
1045 1199 1190 1247 esse,
1237 1201 1503 1253 quaecun-

37 1291 145 1345 que
192 1272 442 1328 adversus
485 1272 611 1326 alios
658 1272 861 1327 ratione
896 1282 1102 1328 utentes
1141 1273 1504 1342 adhibeantur,

34 1367 264 1420 fallacias
290 1365 388 1437 d),
426 1364 567 1419 unde
600 1365 861 1437 sequitur,
909 1386 1089 1420 earum
1125 1386 1256 1439 ope,
1306 1366 1505 1423 etiamsi

35 1459 92 1513 id
129 1461 243 1514 fieri
273 1478 433 1533 posse
469 1459 752 1525 faciamus,
804 1478 909 1512 non
946 1480 1062 1513 esse
1097 1460 1310 1514 aliorum
1346 1461 1505 1514 ratio-

38 1555 358 1608 nabilitatem
393 1552 830 1626 promovendam;
881 1554 1096 1608 vidimus
1133 1573 1318 1626 pone,
1374 1574 1505 1627 quos

41 1650 223 1704 fallere
270 1648 452 1713 liceat,
519 1668 610 1702 eos
669 1666 814 1713 esse,
873 1648 926 1701 in
985 1647 1170 1719 quibus
1224 1650 1388 1703 vivam
1442 1670 1506 1704 ac

39 1751 371 1818 praesentem
413 1762 518 1795 non
554 1760 903 1813 agnoscamus
937 1742 1222 1808 rationem,
1272 1743 1340 1796 de
1377 1764 1505 1816 quo-

38 1855 159 1890 rum
197 1837 360 1908 igitur
407 1834 803 1889 rationabilitate
852 1834 1052 1890 directo
1090 1836 1249 1890 modo
1296 1856 1506 1909 promo-

41 1929 213 1984 vendo
268 1930 712 2002 desperaverimus
746 1929 835 1995 e),
896 1928 1038 1981 unde
1084 1932 1344 2002 sequitur,
1403 1951 1507 1987 non

44 2026 158 2080 fieri
191 2044 374 2096 posse,
422 2033 480 2078 ut
529 2022 911 2077 rationabilitati
962 2022 1159 2078 directe
1196 2043 1506 2097 promoven-

45 2118 147 2171 dae
178 2118 349 2171 licitae
395 2117 674 2172 inserviant
719 2116 981 2170 fallaciae:
1044 2137 1179 2190 quae
1233 2135 1393 2186 quum
1435 2119 1508 2173 ita

43 2214 169 2277 sint,
228 2211 479 2276 efficitur,
516 2230 686 2282 neque
732 2210 927 2263 debere
961 2230 1132 2283 neque
1179 2230 1302 2264 vero
1350 2233 1510 2284 posse

44 2325 275 2378 unquam
312 2303 534 2357 fallendo
570 2305 784 2358 aliorum
819 2305 1266 2360 rationabilitatem
1300 2307 1352 2360 in
1397 2327 1509 2361 ma-

40 2399 127 2473 jus
165 2398 406 2469 provehi,
445 2400 632 2451 nullam
667 2399 828 2469 igitur
863 2401 1112 2453 sermonis
1151 2400 1392 2467 fallaciis,
1438 2402 1508 2456 de

47 2494 233 2564 quibus
299 2493 385 2546 hic
438 2493 650 2565 proprie
708 2494 1034 2565 quae1·imUS‚
1108 2494 1160 2545 in
1213 2495 1350 2549 hanc
1395 2514 1509 2550 rem

45 2596 345 2660 competere
377 2587 867 2642 efficaciam—Ita
899 2587 1059 2658 igitur
1095 2591 1326 2657 sonabit,
1363 2590 1506 2663 quod

10 2813 13 2825 ·
46 2794 97 2850 d)
129 2797 154 2846 ἓ
176 2798 242 2836 13.
273 2807 369 2849 pag.
398 2796 494 2835 103.

37 2878 84 2931 e)
116 2881 225 2929 5314.
259 2891 354 2932 pag.
386 2879 480 2917 106.
