1698 3084
16 263 202 326 beant,
243 259 627 324 concludimus7
665 259 961 331 quicunque
995 258 1047 311 in
1085 257 1239 313 certis
1277 256 1488 328 quibus-

15 353 141 408 dam
195 353 401 408 casibus
458 353 538 407 vel
589 370 830 406 sermone
883 353 1024 408 fallat
1070 351 1151 407 vel
1208 349 1490 405 fallendum

17 466 137 501 esse
213 455 433 512 statuat,
517 466 635 519 eum
713 447 802 501 tali
881 447 1102 518 regulae
1173 444 1490 518 subjectivae

17 540 306 610 (Maxime)
345 541 673 613 adstipulari,
713 559 849 612 quae
882 550 993 594 tum
1031 559 1129 612 per
1163 558 1222 592 se
1253 547 1491 610 spectata

13 643 127 689 tum
166 652 319 701 vern,
357 637 400 689 si
439 636 681 691 universo
714 635 940 688 humano
987 633 1174 706 generi
1202 631 1488 684 eommunis

5 729 281 800 fingatur,
332 747 436 782 non
472 729 642 800 possit
678 747 783 781 non
820 727 1075 800 impedire
1106 737 1266 798 atque
1308 723 1489 779 debili-

5 831 131 878 tare
172 822 424 877 sermonis
459 822 513 875 in
559 821 958 877 rationabilitate
1005 817 1365 894 promovenda
1411 818 1488 872 ef-

0 917 251 972 ifioaciam
289 915 366 986 c).

73 1154 194 1207 quasi
228 1164 374 1194 revera
405 1163 474 1192 res
501 1151 561 1192 ita
603 1163 651 1192 se
681 1149 876 1193 habeat.”
937 1153 1131 1197 Quorum
1167 1155 1347 1204 uterque
1386 1149 1488 1192 sub-

71 1227 253 1270 obscure
292 1228 466 1269 innuere
506 1226 697 1279 videtur,
747 1227 861 1280 quod
897 1241 974 1269 nos
1005 1227 1172 1268 disertis
1201 1225 1357 1274 {verbis
1400 1230 1490 1267 tra-

71 1302 258 1345 dendum
287 1303 549 1356 putavimus,
589 1315 675 1356 quo
707 1303 800 1355 quis
830 1303 1035 1344 sermonis
1078 1314 1180 1343 usus
1208 1301 1383 1356 propius
1414 1313 1491 1342 co-

72 1379 246 1422 haereat
285 1391 382 1420 cum
411 1376 738 1419 rationabilitate
768 1377 1076 1432 promovenda,
1119 1388 1173 1417 eo
1215 1377 1491 1435 perniciosio-

73 1468 166 1498 rem
196 1456 237 1497 ei
266 1453 359 1496 sore
388 1453 456 1493 vel
486 1452 739 1494 levissimam
769 1452 1027 1493 diffidentiae
1056 1452 1260 1493 umbram.

0 1530 64 1588 t)
107 1530 269 1584 Nequis
312 1529 423 1571 sorte
463 1527 663 1581 objiciat,
709 1532 850 1569 certos
895 1527 1100 1581 quosdam
1142 1525 1331 1568 homines
1381 1540 1418 1568 v,
1451 1539 1490 1573 c.

76 1612 219 1650 mente
249 1611 397 1660 captos
426 1606 486 1646 ita
517 1617 611 1645 esse
640 1617 665 1645 a
695 1610 838 1646 cetero
856 1601 1037 1645 humano
1055 1615 1212 1656 genere
1243 1602 1490 1656 disjunctos,

76 1689 148 1736 ut,
191 1682 356 1724 etiamsi
386 1681 426 1721 in
458 1681 655 1734 cogitatis
685 1692 803 1722 cum
839 1681 911 1722 iis
942 1679 1297 1721 communicandis
1314 1679 1492 1721 fallaciis

75 1765 269 1809 utamur,
297 1769 383 1799 non
412 1756 509 1798 ideo
549 1760 689 1797 tamen
720 1755 820 1797 oriri
861 1755 1014 1797 debeat
1042 1756 1153 1797 inter
1181 1756 1313 1808 alios,
1361 1768 1488 1808 quam

76 1836 281 1886 diximus,
312 1833 572 1884 diffidentia,
615 1845 755 1885 neque
789 1833 920 1885 igitur
948 1833 1152 1874 sermonis
1192 1830 1235 1873 in
1264 1831 1494 1874 rationabi-

79 1914 199 1955 litate
228 1910 394 1964 generis
424 1908 593 1951 humani
624 1908 909 1963 promovenda
937 1921 1038 1948 usus
1069 1907 1298 1949 debilitari:
1344 1906 1492 1946 obser-

80 1994 203 2030 vetur
235 1986 436 2036 velimus‚
495 1985 676 2039 primum
716 1985 759 2025 in
806 1982 868 2024 his
920 1984 1022 2038 ipsis
1067 1989 1209 2025 tamen
1254 1979 1492 2023 hominibus

77 2065 179 2106 oriri
209 2062 366 2104 debere
408 2060 513 2102 hanc
553 2059 858 2112 diffidentiam,
901 2071 1102 2113 eamque,
1145 2057 1310 2099 etiamsi
1337 2058 1492 2098 nullius

78 2141 163 2192 sit,
210 2138 312 2180 dum
355 2136 530 2177 rationis
583 2148 664 2178 usu
718 2136 998 2178 destituantur
1042 2134 1268 2185 momenti,
1328 2137 1399 2184 at,
1453 2131 1491 2174 si

81 2212 249 2270 quando
278 2213 429 2254 mentis
458 2211 558 2253 facti
585 2212 741 2254 fuerint
770 2217 1014 2267 compotes,
1051 2215 1194 2252 nostra
1222 2209 1353 2262 igitur
1380 2208 1491 2250 alio-

80 2302 259 2344 rumque
291 2301 371 2343 ope
401 2288 443 2329 in
472 2288 524 2328 iis
555 2300 724 2341 quoque
753 2301 948 2329 sermone
975 2287 1280 2330 interveniente
1316 2298 1489 2340 promo-

80 2366 217 2409 venda
256 2363 384 2406 fuerit
413 2362 739 2416 rationabilitas,
791 2361 887 2404 huic
916 2363 978 2404 rei
1007 2362 1189 2404 futuram
1229 2373 1323 2403 esse
1352 2361 1490 2415 impe-

27 2454 32 2456 *
84 2443 297 2493 dimento‚
357 2440 553 2494 quoniam
602 2440 680 2480 nisi
718 2452 774 2482 ex
823 2439 944 2480 nobis
987 2438 1224 2491 intelligere
1266 2440 1492 2490 nequeant,

82 2524 225 2561 utrum
254 2517 370 2571 ipsos
401 2517 628 2558 veracitate
672 2515 823 2568 dignos
853 2515 1103 2565 habeamus,
1133 2526 1292 2564 necne3
1337 2512 1492 2555 deinde

82 2605 186 2635 vero
226 2591 280 2633 ad
310 2591 414 2634 alios
444 2606 613 2647 quoque
654 2605 739 2635 non
768 2604 895 2647 posse
922 2603 1006 2634 non
1037 2590 1256 2645 pervenire
1285 2588 1490 2643 quaedam

85 2668 213 2711 dubia
242 2670 446 2711 sermonis
475 2683 595 2712 usum
626 2669 913 2719 debilitatura,
955 2665 1306 2720 quemadmodum
1335 2665 1492 2707 multos

86 2759 112 2787 a
143 2744 442 2787 catholicorum
472 2745 670 2787 adversus
705 2743 939 2785 haereticos
966 2742 1142 2797 pertidia
1164 2743 1362 2783 metuisse
1385 2754 1490 2782 con-

85 2825 184 2872 stet,
214 2833 297 2862 non
325 2822 441 2874 quasi
472 2833 569 2862 sese
596 2820 678 2876 ipsi
697 2818 932 2874 haereticos
959 2830 1054 2859 esse
1068 2814 1278 2873 putarent,
1299 2816 1375 2860 sed
1392 2817 1491 2871 quia

82 2895 173 2938 fieri
203 2900 370 2951 posset,
398 2901 446 2937 ut
475 2897 528 2938 ab
554 2897 646 2939 aliis
677 2896 784 2938 tales
808 2894 1110 2949 judicarentur.
