1719 3084
643 99 713 119 ἐ·-
807 81 883 134 19-
963 103 1041 122 κ·-

95 227 330 273 sumatur
390 218 496 272 hoc
550 239 739 274 nomen
767 221 842 293 r).
880 254 950 262 —
1010 223 1255 277 Fuerunt
1312 223 1573 296 equidem,

94 315 216 387 qui,
277 315 455 367 neseio
506 315 692 385 quibus
740 314 939 369 inducti
992 316 1309 383 rationibus,
1361 321 1570 373 omnino

93 408 469 480 negiigendum
490 418 737 479 putarent
767 410 909 462 cirea
942 410 1302 480 quaestionem
1336 421 1570 467 nostram

57 503 443 556 testimonium
504 512 662 575 atque
718 504 1050 558 autoritatem
1111 521 1240 556 usus
1303 503 1568 575 loquendi,

91 598 315 668 quique⁷
391 598 631 650 omnibus
696 599 997 667 promiscue
1059 597 1224 668 signis
1288 598 1568 655 mendacia

91 691 373 756 committi,
454 689 599 742 haud
680 690 979 745 dubitarent
1074 692 1422 761 pronunciare
1475 693 1564 761 s).

89 784 230 844 Quin
277 785 350 838 ita
387 785 484 838 sibi
522 793 764 838 constant
812 783 1028 852 quidam
1075 785 1128 837 in
1171 784 1275 837 hac
1310 787 1568 839 sententia

87 876 315 941 tuenda,
351 885 439 942 ut,
477 877 520 929 si
557 878 672 945 quis
709 877 936 930 tacendo
976 879 1167 932 erroris
1206 878 1313 932 aliis
1354 879 1566 933 exstite-

86 971 155 1025 rit
189 979 370 1035 autor,
422 989 543 1022 eum
593 988 805 1039 quoque
856 970 978 1024 satis
1017 989 1115 1041 pro
1151 971 1369 1043 imperio
1418 994 1565 1027 men-

88 1063 309 1117 dacibus
348 1063 577 1116 adscribi
616 1065 840 1138 jubeant
865 1064 936 1131 t).
1009 1066 1078 1118 At
1126 1075 1207 1119 est
1244 1076 1420 1120 tamen
1455 1089 1567 1122 ma-

87 1158 334 1212 nifestum
410 1159 500 1230 (ut
562 1157 616 1209 in
680 1176 788 1209 uno
856 1165 1059 1211 tantum
1124 1160 1361 1230 exemplo
1435 1161 1564 1233 eja-s,

85 1270 244 1322 quem
277 1252 582 1323 negligunt,
630 1271 756 1306 usus
792 1250 1041 1320 loquendi
1076 1263 1426 1308 monstremus
1461 1256 1571 1309 vim·

88 1354 249 1414 atque
306 1345 687 1414 consensum),
739 1346 930 1400 nemini
968 1345 1211 1414 cuiquam
1256 1367 1566 1420 persuasum

84 1438 177 1503 iri,
241 1440 521 1492 Horatium
581 1439 750 1505 illum,
805 1439 1043 1494 simulata
1114 1440 1247 1512 fuga
1299 1443 1567 1497 Curiatios.

85 1532 490 1596 distrahentem,
542 1533 758 1603 proprio
809 1534 962 1607 hujus
1013 1533 1159 1586 verbi
1211 1553 1369 1587 sens-u
1407 1535 1568 1588 fuisse

83 1626 387 1691 mentitum,
426 1644 588 1695 quum
623 1638 826 1697 tamen,
857 1632 900 1684 si
938 1631 1211 1684 ciamasset
1242 1627 1409 1694 idem,
1448 1648 1566 1682 sese

83 1866 129 1922 r)
162 1868 450 1911 Guilierm.
484 1868 854 1912 Altissiodor.
886 1881 1033 1910 summ.
1066 1868 1559 1911 aur.l.111.tract.18.

141 1957 210 1998 qu.
224 1947 265 1984 2.
283 1944 359 1985 Th
375 1958 466 1986 om.
484 1947 676 2000 Aquin.
699 1960 783 1988 sec.
804 1958 888 1986 sec.
909 1957 978 1998 qu,
994 1946 1092 1985 111.
1112 1947 1190 1985 art.
1206 1947 1245 1985 1.
1266 1945 1304 1986 B
1321 1958 1460 1985 onav
1477 1958 1563 1985 en·-

140 2024 269 2060 tura
300 2021 342 2061 in
371 2020 463 2062 LL.
498 2023 579 2064 SS.
626 2022 747 2063 LIII.
780 2022 875 2062 dist.
894 2024 964 2061 38.
1010 2033 1050 2061 n.
1068 2023 1110 2061 5.
1171 2019 1211 2060 J.
1243 2020 1394 2061 Azor
1423 2019 1565 2061 Iustit.

141 2095 294 2136 Moral.
325 2100 431 2151 part.
463 2099 616 2139 tertiae
658 2098 730 2140 lib.
749 2097 868 2139 XIII.
902 2110 938 2138 c.
959 2100 998 2137 1.
1032 2109 1130 2150 pag.
1149 2097 1250 2136 901.

79 2175 125 2228 s)
169 2176 423 2230 Jacque‘s
453 2180 718 2220 Bernard
766 2179 958 2220 discours
1003 2189 1075 2218 sur
1117 2178 1156 2217 le
1186 2189 1417 2230 mensonge
1463 2174 1563 2230 (ad-

134 2251 280 2303 jicitur
321 2254 364 2294 in
402 2254 466 2294 ed.
501 2254 684 2308 Operis:
731 2254 879 2296 Traite
912 2255 966 2295 de
1005 2252 1277 2294 Pexcellence
1307 2252 1360 2292 de
1393 2252 1433 2292 la
1463 2253 1563 2293 reli-

141 2327 254 2378 gion.
287 2329 420 2370 Amst.
456 2331 582 2370 1732.
617 2329 682 2383 8.)
716 2344 752 2371 c.
777 2333 815 2372 1.
849 2335 874 2384 g
902 2336 928 2373 3
963 2335 1005 2371 et
1037 2332 1090 2370 4:
1136 2333 1255 2368 toute
1287 2327 1430 2380 parole
1462 2340 1563 2381 pro-

139 2403 302 2444 noncee
335 2417 391 2444 ou
419 2409 536 2446 toute
575 2408 715 2449 action
747 2408 849 2450 faite
880 2408 983 2449 dans
1013 2408 1052 2446 16
1084 2403 1252 2446 dessein
1282 2402 1334 2441 de
1359 2400 1493 2454 jetter
1522 2402 1565 2442 le

143 2477 346 2531 prochain
377 2479 479 2522 dans
511 2481 686 2523 Perreur
718 2489 783 2524 est
812 2497 868 2524 un
899 2482 1103 2524 vei-itable
1122 2490 1364 2530 mensonge.
1428 2477 1564 2517 Sau—

143 2553 229 2594 rin
269 2554 615 2609 Betrachtungen
658 2557 765 2598 iiber
807 2559 876 2598 die
919 2556 1186 2608 wicbtigsten
1215 2550 1564 2605 Begebenheifnu

143 2627 219 2668 des
249 2629 299 2669 A.
332 2643 372 2670 u.
416 2629 470 2673 N.
503 2632 774 2674 Testaments
806 2634 1022 2674 iibersctzt
1053 2643 1134 2671 von
1164 2627 1384 2671 Rambach
1445 2628 1561 2679 (Ro-

143 2703 265 2744 stock
299 2691 450 2758 1746.)
493 2709 590 2747 2ter
612 2707 749 2750 Theil.
795 2707 1215 2758 Nebenabhandlung
1246 2717 1328 2748 von
1361 2703 1441 2745 den
1472 2702 1567 2755 Lai-

143 2791 227 2830 gen
267 2780 294 2830 ἓ
320 2782 388 2822 13.

87 2857 130 2910 i)
179 2860 396 2902 Danaei
444 2862 580 2906 Ethic.
615 2864 699 2908 chr.
743 2868 769 2907 1.
794 2868 848 2910 II.
882 2882 918 2910 e.
941 2870 1009 2909 16.
1044 2866 1238 2909 101271.

1115 2947 1150 2983 ί)
1191 2945 1210 2968 ss

1117 2984 1149 2997 fi·
