1698 3084
613 107 1001 163 *113-

68 250 189 305 dam
224 248 376 320 signa
413 247 701 304 institutum
759 248 822 304 iri
876 250 1250 306 commercium
1279 249 1375 322 ν),
1425 270 1548 324 par-

65 345 185 410 tim,
222 362 328 397 non
366 342 553 398 deesse
584 344 719 398 inter
755 351 968 398 caetera
1005 362 1218 418 quoque
1253 345 1549 410 animantia,

67 438 255 511 quibus
294 436 622 492 articulatam
658 456 842 493 vocem
892 447 1083 493 natura
1130 438 1404 504 tribuerit,
1459 456 1550 491 eo-

61 550 181 587 rum
231 539 434 596 autem,
489 531 692 586 etiamsi
725 531 807 585 vel
842 530 1086 598 meliore,
1139 530 1404 603 pleniore,
1468 529 1546 585 di-

59 625 331 682 stinctiore
390 643 525 678 voce
590 625 667 680 uti
729 627 999 696 fingantur
1061 644 1220 697 quam
1294 624 1545 690 homineS‚

59 717 256 771 nullum
290 726 467 771 tamen
514 715 659 783 fore,
711 717 972 786 siquidem
1006 720 1210 773 ratione
1262 715 1548 772 destituan-

56 819 173 878 tur,
229 829 543 867 sermonem,
643 810 800 871 Quae
853 829 1016 881 quum
1067 812 1140 867 ita
1188 811 1320 877 sint,
1384 820 1546 883 patet,

56 904 295 972 quamvis
332 903 487 974 signa
523 920 642 955 esse
677 904 882 974 possint
915 905 1088 976 magis
1130 904 1364 960 minusve
1399 923 1541 960 com-

55 996 247 1062 moda,
304 997 565 1069 hujusque
599 995 676 1048 rei
711 995 853 1051 haud
890 1016 1109 1070 parvum
1143 999 1211 1054 sit
1262 998 1332 1052 ad
1381 999 1542 1053 facili-

52 1098 218 1144 tatem
266 1098 322 1145 et
365 1088 730 1142 difficultatem
772 1091 1026 1144 sermonis
1076 1102 1435 1159 momentum,
1488 1102 1545 1148 at

51 1201 311 1240 summam
347 1190 525 1236 tamen
560 1181 638 1234 rei
684 1181 739 1233 in
788 1201 853 1236 eo
891 1203 1009 1237 esse
1046 1183 1302 1256 positam,
1354 1180 1420 1238 'ut
1453 1203 1539 1238 ra-

51 1277 316 1334 tionabilia
376 1276 480 1331 sint
541 1293 606 1328 ea
665 1274 832 1342 entia,
903 1276 1040 1330 inter
1096 1294 1234 1346 quae
1281 1276 1536 1331 sermonis

53 1369 428 1424 commercium
485 1367 680 1423 debeat
713 1368 978 1432 obtinere,
1034 1368 1177 1423 unde
1212 1371 1338 1435 fiat,
1377 1382 1452 1436 ut,
1490 1371 1535 1431 si

51 1464 192 1518 entia
227 1465 490 1534 fingamus
537 1463 591 1516 in
625 1462 848 1517 caeteris
885 1461 1124 1516 omnibus
1172 1463 1321 1535 paria
1370 1463 1538 1518 homi-

49 1557 202 1611 nibus
241 1567 294 1620 at
326 1557 530 1611 ratione
566 1556 842 1620 destituta,
892 1556 1059 1611 nuiius
1098 1575 1283 1612 eorum
1331 1558 1536 1613 futurus

48 1650 117 1705 sit
167 1650 338 1721 magis
387 1669 546 1722 quam
604 1659 937 1704 caeterorum
989 1649 1283 1704 animalium
1339 1671 1530 1720 serm0,

35 1744 285 1813 'Quamvis
320 1743 444 1797 huic
487 1744 565 1798 rei
601 1746 864 1817 aptissima
900 1745 1054 1816 signa
1087 1745 1343 1817 praebeat
1389 1747 1530 1800 vocis

47 1836 309 1890 humanae
361 1848 576 1904 natura,
625 1839 739 1913 jam
787 1858 941 1904 vere,
1003 1839 1246 1908 quoniam
1293 1840 1530 1895 homines

47 1930 150 1985 sint
184 1932 386 1985 ratione
421 1933 674 2004 praediti,
710 1933 789 1988 vel
825 1934 961 1987 inter
984 1951 1076 1987 eos
1099 1934 1353 1987 sermonis
1386 1951 1529 1988 com-

48 2026 303 2080 mercium
337 2028 601 2095 obtineat‚
664 2028 852 2101 quibus
906 2027 972 2082 sit
1023 2024 1092 2080 ad
1139 2028 1294 2100 signa
1342 2047 1529 2100 parum

47 2119 326 2174 commoda
389 2120 556 2176 vultus
621 2130 781 2192 atque
847 2119 1133 2193 digitorum
1213 2121 1523 2193 confugien-

45 2214 189 2270 dum.

39 2493 92 2551 v)
126 2494 180 2537 de
210 2494 400 2536 Wette
431 2492 517 2536 chr.
535 2491 792 2536 Sittenlehre
821 2488 942 2533 3'1'12.
977 2491 1003 2543 §
1020 2492 1107 2533 448
1137 2490 1218 2533 in.=
1261 2493 1329 2534 ein
1349 2492 1515 2547 eigent-

97 2569 229 2612 ficher
258 2569 452 2612 Verkehr
483 2571 593 2612 kann
635 2583 715 2611 nur
744 2566 874 2610 durch
905 2567 974 2608 die
1005 2566 1196 2622 Sprache
1227 2570 1439 2623 gelingen‚
1470 2583 1510 2612 u.

97 2658 218 2688 wenn
261 2645 384 2687 ihnen
433 2647 538 2700 (den
586 2643 841 2698 Menschen)
888 2642 994 2684 auch
1042 2655 1120 2684 nur
1165 2645 1260 2686 eine
1304 2645 1513 2687 Zeichen-

94 2720 271 2776 sprache
303 2734 356 2762 zu
397 2723 567 2764 Gebote
599 2721 734 2773 steht,
765 2734 813 2761 so
856 2719 1023 2760 werden
1069 2719 1131 2759 sie
1177 2718 1283 2762 doch
1326 2720 1510 2762 dadurch

94 2797 294 2840 einander
342 2796 430 2841 ihre
474 2797 702 2842 Absichten
747 2809 788 2838 u.
839 2796 1142 2850 Gesinnungen
1200 2808 1255 2840 zu
1298 2796 1511 2840 erkennen

91 2872 244 2927 geben.

1099 2950 1135 3000 8
