1698 3084
596 98 704 161 -*
754 121 855 174 129
913 150 997 160 ---

50 260 311 324 Quoniam
388 261 522 314 enim
587 258 890 314 arbitrariae
963 266 1109 323 sunt,
1185 275 1528 330 quaecunque

48 357 102 410 in
141 356 386 425 cogitatis
439 375 557 408 cum
611 354 719 406 aliis
772 351 1214 406 conununicandis
1256 364 1526 407 versantur

51 448 459 517 significationes
479 449 578 517 h),
610 448 800 518 igitur,
840 447 883 498 si
919 444 989 498 ad
1020 455 1255 501 nostrum
1281 448 1525 519 loquendi

50 560 203 594 usum
241 551 488 594 revocata
526 541 681 595 suerit
729 557 911 591 eorum
948 537 1212 606 doctrina,
1259 541 1392 595 haec
1429 545 1526 598 erit

49 636 161 708 ejus
200 655 431 698 summa,
484 633 737 687 sermonis
775 632 1014 696 fallaciis,
1067 633 1109 686 si
1146 653 1250 687 non
1287 637 1525 690 omnibus

51 729 203 798 (nam
242 727 311 780 de
349 748 413 781 ea
449 745 508 780 re
549 726 920 795 dissentiunt),
969 734 1024 779 at
1059 726 1320 800 plerisque
1352 739 1524 782 tamen

52 820 313 874 accedere
347 820 722 892 turpitudinem
760 838 823 872 ex
868 828 1023 891 pacto
1073 818 1303 888 quodam
1346 822 1525 886 tacita,

51 931 156 982 quo
184 932 400 968 veraces
439 933 554 966 esse
577 913 888 983 obligemur,
924 913 1124 967 violat0.
1172 914 1327 967 Haec
1353 924 1524 967 autem

52 1006 293 1060 doctrina
331 1025 448 1058 cum
488 1025 580 1071 ea,
618 1026 775 1077 quam
810 1004 969 1058 modo
1010 1007 1358 1077 exposuimus,
1390 1008 1526 1061 nulla

49 1101 251 1152 ratione
302 1101 493 1170 poterit
546 1100 836 1153 conciliari:
894 1100 1112 1166 etenim,
1164 1101 1208 1152 si
1255 1102 1528 1171 positivum

52 1201 159 1257 est,
227 1194 488 1246 communi
525 1213 784 1247 consensu
817 1191 1206 1258 introductum,
1261 1193 1331 1247 de
1366 1195 1528 1248 vitan-

51 1286 130 1340 dis
193 1287 447 1340 sermonis
505 1288 718 1341 fallaciis
777 1295 1152 1358 praeceptum,
1218 1306 1313 1342 nos
1366 1289 1529 1360 igitur

51 1380 364 1446 erravimUS,
421 1382 508 1452 qui
559 1401 620 1435 ex
671 1399 872 1435 summo
916 1380 1087 1433 ethico
1132 1381 1386 1452 principio
1437 1402 1528 1436 ne-

52 1475 283 1528 cessario
325 1476 474 1545 sequi
511 1476 815 1541 statuimus3
852 1474 931 1528 sin
964 1473 1019 1527 id
1052 1483 1198 1528 recte
1237 1474 1528 1542 docuimus,

52 1588 155 1621 non
193 1569 290 1622 suit
335 1569 528 1638 igitur,
580 1579 859 1641 antequam
907 1570 1010 1623 hoc
1059 1579 1216 1643 pacto
1269 1590 1387 1624 sese
1436 1574 1529 1625 ob-

52 1663 413 1728 strinxissent,
475 1662 766 1715 hominibus
819 1664 1114 1734 integrum,
1177 1672 1238 1718 ut
1291 1681 1533 1718 sermone

54 1758 320 1821 fallerent,
387 1773 560 1825 neque
609 1755 770 1827 igitur
817 1777 880 1811 ex
930 1757 1184 1832 ejusmodi
1230 1766 1389 1830 pacto
1438 1757 1534 1814 sed

54 1871 118 1905 ex
166 1850 250 1903 illo
307 1869 427 1905 cum
477 1868 679 1904 summo
730 1851 901 1905 ethico
948 1852 1203 1924 principio
1249 1869 1386 1905 nexu
1438 1851 1534 1905 du-

53 1945 222 1998 cenda
263 1945 361 1998 erit
397 1963 576 1998 earum
609 1944 927 1998 fallaciarum
951 1945 1238 2017 turpitudo.
1283 1946 1535 2002 Nostram

52 2039 344 2092 doctrinam
375 2039 427 2091 in
465 2037 898 2092 antecedentibus
935 2047 989 2092 et
1027 2041 1360 2110 exposuimus
1409 2042 1532 2095 satis

52 2141 106 2186 et
140 2131 504 2203 probavimus,
545 2131 613 2185 ad
651 2151 836 2186 eorum
874 2135 1035 2205 igitur
1067 2131 1402 2187 refutandam
1452 2134 1535 2190 vix

52 2246 188 2299 opus
225 2246 344 2280 esse
392 2226 628 2293 videtur,
677 2237 740 2281 ut
787 2228 1142 2300 accingamur.
1230 2226 1421 2283 Liceat
1453 2238 1534 2284 ta-

50 2342 170 2376 men
220 2322 517 2388 monuisse,
582 2322 670 2394 qui
728 2330 944 2394 pactum
988 2321 1112 2375 illud
1165 2322 1385 2376 tacitum
1429 2341 1534 2398 non

52 2417 428 2470 nominaverint
473 2425 703 2481 tantum,
759 2434 939 2469 verum
992 2426 1084 2471 aut
1126 2427 1537 2474 commonstrare

54 2520 144 2565 aut
190 2510 487 2564 accuratius
547 2510 700 2582 paulo
755 2509 1062 2564 describere
1114 2513 1359 2583 aggressi
1420 2512 1534 2572 sint,

56 2625 145 2660 eos
182 2605 254 2660 ita
289 2606 423 2659 inter
459 2623 517 2658 se
564 2602 924 2659 dissentientes
963 2603 1314 2678 deprehendi,
1365 2614 1422 2660 ut
1454 2607 1534 2659 alii
