1719 3084
619 96 1005 151 *35*-

69 243 122 296 in
159 243 371 297 notione
435 240 693 296 mendacii
761 240 1085 295 essentialem
1153 260 1270 297 esse
1335 243 1544 312 docent,

71 334 191 400 sed,
242 336 526 407 impetratis
563 336 715 391 veluti
750 334 996 400 induciis,
1035 335 1103 389 de
1140 336 1360 390 caeteris
1397 338 1542 408 prius

69 428 203 482 inter
230 447 324 482 nos
366 430 666 483 conveniret
690 427 948 481 mendacii
984 429 1133 483 notis,
1171 460 1242 468 —-
1275 431 1395 483 Jam
1419 450 1541 483 vero

71 521 208 574 haec
244 541 427 576 corum
468 523 707 576 doctrina
746 521 1113 589 examinanda3
1167 523 1544 594 quaerendum,

68 624 244 670 utrum
279 617 455 689 (quod
500 617 534 669 ii
569 615 832 685 statuunt)
871 615 938 668 ad
972 615 1328 670 mentiendum
1369 619 1545 689 requi-

71 719 249 777 ratur,
307 720 366 765 ut
415 710 606 764 malum
659 711 928 764 consilium
984 709 1208 762 fallendo
1261 730 1544 783 persequa-

71 822 217 870 mur,
254 823 437 857 necne.
511 803 677 874 Cujus
714 805 791 855 rei
819 803 1075 876 judicium
1113 823 1273 875 quum
1307 806 1379 859 ita
1414 825 1543 877 pen-

72 896 197 951 deat
233 916 264 950 a
311 896 514 949 duabus
552 896 660 948 aliis
697 897 1087 966 quaestionibus
1124 899 1223 952 rite
1271 898 1544 964 solvendis,

70 999 159 1054 ut,
212 990 255 1043 si
311 989 378 1042 de
429 990 489 1043 iis
528 990 970 1054 consenserimus,
1024 990 1092 1043 de
1128 992 1230 1044 hac
1264 1001 1445 1045 nostra
1479 1012 1548 1044 ne

71 1085 257 1137 umbra
327 1083 541 1154 quidem
616 1083 758 1136 dubii
834 1083 1181 1154 relinquatur3
1261 1104 1357 1136 eae
1421 1104 1547 1138 vero

68 1177 277 1232 maximi
339 1177 440 1230 sint
492 1178 555 1230 in-
605 1178 815 1232 notione
863 1176 1122 1229 mendacii
1185 1179 1547 1232 constituenda

70 1290 177 1324 non
229 1289 335 1324 uno
388 1281 638 1342 respectu
682 1271 964 1324 momenti:
1020 1271 1073 1323 in
1106 1271 1166 1324 iis
1208 1272 1545 1326 enucleandis

70 1365 225 1437 paulo
253 1365 513 1436 copiosius
537 1365 752 1430 versati,
787 1384 910 1417 mox
935 1363 1003 1416 ad
1025 1363 1316 1418 doctrinam
1333 1407 1346 1429 ,
1385 1384 1542 1436 quam

71 1459 616 1523 commemoravimus,
675 1457 1074 1530 ponderandam
1131 1458 1356 1511 reduces
1417 1478 1544 1512 con-

67 1562 342 1611 vertemur.

207 1706 366 1760 Prior
414 1716 495 1763 est
530 1707 808 1781 ‘quaesti0,
877 1726 1001 1760 num
1040 1707 1162 1780 jure
1215 1726 1310 1761 suo
1358 1725 1543 1760 recen-

66 1803 227 1858 tiores
272 1800 481 1872 quidam
514 1802 807 1874 philosophi
846 1811 926 1866 et,
974 1811 1184 1855 nostrae
1232 1802 1542 1871 praesertim

70 1896 350 1960 ecclesiae,
389 1896 624 1968 theologi
648 1896 979 1949 mendacium
1017 1896 1086 1949 ita
1125 1894 1446 1958 definierint,
1484 1902 1544 1947 ut
1596 1891 1602 1896 ⁴

68 1993 135 2047 sit
170 1989 423 2065 ejusmodi
462 1991 831 2062 falsiloquium,
880 1988 1022 2060 quod
1074 1988 1153 2042 vel
1181 1988 1290 2061 juri
1327 1987 1543 2041 aliorum

68 2096 123 2141 ct
157 2085 366 2158 speciali
387 2084 593 2138 cuidam
618 2094 829 2138 nostrae
850 2082 973 2135 inde
997 2081 1248 2135 oriundae
1278 2091 1545 2154 repugnet

69 2179 400 2251 obligationi,
459 2179 537 2232 vel
589 2177 763 2232 offic-io
822 2177 1135 2248 legibusque
1189 2176 1540 2230 conscientiae

65 2276 119 2328 in
153 2275 447 2327 universum
487 2273 552 2326 sit
588 2272 906 2327 eontrarium
944 2269 1042 2340 rz):
1092 2271 1194 2323 hae
1237 2271 1371 2323 enim
1406 2269 1536 2322 mul-

65 2511 118 2566 n)
162 2510 374 2552 Puffen
391 2509 534 2551 dors
586 2509 639 2551 de
687 2511 791 2551 Jure
834 2506 1022 2548 Naturae
1069 2510 1112 2547 et
1165 2507 1368 2548 Gentium
1412 2506 1439 2548 l.
1459 2506 1531 2548 IV.

123 2601 159 2628 c.
181 2590 218 2628 1.
250 2589 333 2637 §iffi
395 2585 733 2626 Thomasius
773 2585 815 2624 in
857 2581 1192 2622 institutionibus
1231 2582 1532 2636 Jurisprudcn-

122 2665 208 2704 tiae
238 2662 400 2710 divinae
438 2662 464 2702 l.
486 2661 540 2702 Π.
571 2674 605 2701 c.
626 2664 667 2700 8.
700 2662 725 2711 ἓ
747 2663 817 2700 58.
851 2662 920 2699 59.
985 2656 1059 2697 Ch
1075 2669 1105 2696 r.
1140 2657 1324 2699 Wolff
1356 2658 1530 2699 Institu-

121 2740 222 2780 tion.
256 2738 372 2779 juris
403 2737 592 2778 Naturae
625 2740 667 2776 et
698 2735 898 2776 Gentium
929 2735 956 2783 S
975 2736 1074 2773 351.
1135 2730 1342 2783 Ejusdem
1371 2727 1529 2770 Philos.

121 2812 298 2854 Moralis
346 2813 372 2861 ἓ
399 2815 498 2852 533.
591 2809 830 2850 Crusius
891 2808 1145 2860 Anweisung
1191 2804 1431 2857 verniinftig
1476 2817 1530 2843 :cu

124 2888 245 2928 leben
294 2887 466 2942 (Leipz.
498 2884 649 2939 1751.)
697 2887 842 2936 §4st
877 2886 1094 2938 pag.585.
1156 2882 1314 2933 Krug
1356 2881 1526 2932 Sys-tem

1069 2962 1159 3013 223*
