1698 3084
705 112 1098 166 ...58-

141 256 260 331 ejus
298 254 501 330 species
530 253 846 329 singulaque
876 252 1144 307 individua
1178 254 1352 328 turpia
1380 254 1636 329 judicata.

143 353 384 415 Tamen,
427 369 591 420 quum
628 367 783 403 nemo
823 349 887 402 sit
925 349 1072 403 istius
1111 351 1302 402 erroris
1339 350 1639 403 insimulan-

148 445 280 511 dus,
320 444 416 498 nisi
454 444 545 517 qui
583 444 754 498 verbis
794 443 1205 516 haudquaquam
1236 444 1497 515 ambiguis
1521 463 1642 497 eum

140 539 305 593 suerit
365 538 676 611 professus,
738 537 968 590 omnium
1018 555 1145 590 vero
1197 539 1407 593 minime
1463 549 1644 594 tantae

141 633 446 689 autoritatis
484 633 609 699 viri,
645 642 876 702 quantae
912 640 1058 697 sunt,
1111 649 1338 700 quorum
1376 633 1464 687 hic
1498 653 1642 688 com—

139 727 551 784 memoravimus
613 725 844 781 docendi
892 726 1181 783 rationem:
1248 745 1375 780 vero
1429 726 1641 781 similius

135 822 374 889 videtur,
416 842 510 878 eos
551 821 908 893 negligentius
945 820 1104 894 paulo
1141 822 1451 877 sententiam
1488 841 1639 876 suam

134 918 478 992 exposuisse,
515 935 702 971 revera
736 925 913 971 tamen
951 916 1020 970 ad
1040 926 1349 987 sequentem
1369 917 1640 990 pertinere

139 1010 381 1067 classem.
417 1044 488 1052 —-
561 1014 719 1067 Haec·
756 1013 911 1067 tertia
947 1011 1126 1067 classis
1166 1031 1352 1066 eorum
1389 1022 1498 1078 est,
1535 1014 1626 1082 qui

133 1106 361 1173 docent,
422 1107 755 1162 mendacium
795 1127 913 1163 esse
952 1118 1046 1174 „Ut
1082 1108 1387 1181 plurimum”
1442 1116 1630 1178 turpe,

132 1201 510 1273 ³„plerumque”
573 1204 766 1267 amori,
827 1221 987 1273 quem
1042 1203 1165 1257 Deo
1229 1201 1633 1269 hominibusque

133 1295 456 1362 debeamus,
495 1297 761 1352 adversari
786 1296 885 1368 f).
960 1300 1202 1360 Quorum
1228 1296 1466 1351 doctrina
1487 1293 1631 1348 haud

129 1408 301 1462 aegre
347 1389 541 1445 eodem
593 1392 772 1446 redire
819 1392 1155 1463 intelligitur,
1207 1412 1272 1446 ac
1320 1393 1362 1446 si
1410 1390 1629 1445 menda—

131 1486 278 1541 cium
316 1486 529 1542 disertis
563 1487 736 1540 verbis
778 1486 951 1541 ethice
985 1486 1313 1541 indefinitum
1351 1507 1468 1542 esse
1501 1506 1626 1540 con-

128 1580 357 1650 cedant3
434 1582 646 1654 saepius
719 1581 856 1634 enim
909 1590 1067 1654 turpe
1133 1582 1200 1636 sit
1247 1601 1405 1654 quam
1460 1582 1624 1636 hone-

127 1685 298 1743 stum,
359 1696 430 1730 an
490 1678 606 1731 vice
657 1696 838 1743 versa,
894 1677 1018 1730 nihil
1079 1677 1148 1730 ad
1207 1696 1319 1731 rem
1375 1687 1624 1744 nostram,

126 1769 325 1842 quippe
405 1770 494 1843 qui
558 1772 631 1826 ita
697 1771 1104 1837 concludamuS,
1175 1773 1218 1826 si
1288 1771 1622 1827 mendac-ium

123 1884 504 1939 nonnunquam
542 1866 767 1924 honeste
806 1868 1193 1934 committatur,
1244 1886 1619 1940 nonnunquam

106 2105 176 2163 s)
235 2106 407 2148 Csratur
472 2107 681 2148 Saurin
755 2106 1178 2164 Ncbeuabhandlung
1239 2122 1322 2151 von
1379 2108 1460 2152 den
1519 2109 1615 2153 1Λῦ-

175 2193 259 2233 gen
312 2182 444 2232 §182
519 2181 609 2223 Der
650 2181 960 2236 Unterschied,
1021 2184 1078 2225 ob
1134 2184 1203 2226 ein
1254 2183 1371 2238 Ding
1431 2197 1484 2226 an
1525 2184 1616 2227 sich

174 2255 310 2296 selbst
351 2252 636 2308 gleichgiiltig
678 2256 782 2297 oder
823 2270 875 2297 an
915 2256 1003 2299 sich
1034 2258 1168 2298 selbst
1198 2257 1385 2299 strafbar
1414 2271 1515 2312 sey,
1558 2260 1615 2302 ist

173 2326 274 2370 sehr
325 2329 670 2370 unvollkomnxen
715 2355 772 2360 —
812 2355 869 2360 ·—
913 2345 959 2371 es
1013 2333 1135 2384 gicht
1177 2333 1282 2373 aber
1322 2331 1428 2374 auch
1470 2333 1617 2375 soh-he

174 2400 540 2457 (Handlungen),
595 2404 665 2445 die
713 2409 772 2445 ut
812 2405 1117 2460 plurimum
1161 2404 1466 2448 meistentheils
1509 2407 1616 2451 bose

173 2477 295 2531 sind,
331 2478 462 2520 deren
494 2478 633 2522 matur
673 2480 776 2522 aber
819 2480 861 2522 in
904 2480 1074 2533 einigen
1115 2482 1309 2536 wenigen
1350 2482 1615 2527 Umstiinden

176 2551 388 2603 geiindert
429 2553 599 2594 werden
644 2555 770 2596 kann.
816 2578 874 2585 ——
928 2578 986 2585 —
1028 2553 1128 2596 Nun
1172 2562 1268 2609 sagt
1315 2570 1412 2599 man
1452 2559 1616 2612 wester,

173 2623 271 2665 dass
305 2626 374 2668 die
417 2627 575 2680 Liigen
620 2629 699 2670 mit
737 2642 816 2670 zur
859 2628 1018 2671 dritten
1057 2628 1323 2684 Abtheilung
1364 2630 1614 2685 gehoreten,

174 2698 436 2753 dergestalt,
467 2702 566 2744 dass
591 2702 669 2744 das
694 2702 849 2757 Li'igen
880 2708 938 2745 ut
966 2703 1274 2758 plurimum
1304 2706 1612 2748 meistentheils

169 2773 366 2816 siindlich
397 2788 504 2829 sey,
549 2776 634 2819 und
672 2790 751 2819 nur
791 2776 890 2820 sehr
928 2778 1096 2832 wenige
1125 2779 1247 2821 Falle
1277 2792 1609 2833 ausgenommen

172 2847 326 2891 waren.
422 2849 744 2894 Mosheims
817 2850 1078 2894 Sittenlehre
1146 2855 1198 2895 'Tr
1247 2851 1373 2896 Theil
1469 2856 1496 2906 §
1536 2857 1609 2897 ⁶26.

171 2936 267 2975 pag.
293 2925 391 2965 442.
457 2922 562 2967 Rei
584 2926 792 2969 nhards
818 2928 990 2981 System
1023 2926 1099 2968 der
1131 2927 1271 2970 Mora!
1305 2930 1331 2981 ξ
1357 2930 1460 2971 296.
