1698 3084
6 2899 9 2982 i

9 3008 13 3084 ἱ

0 2682 2 2727 5

2 2763 4 2774 ι

2 2777 4 2799 1

581 181 649 189 --
724 149 820 203 131
898 180 965 188 -

680 305 719 381 g
792 307 873 359 17.

187 399 564 464 Intelleximus,
620 418 651 452 a
690 399 944 452 sermonis
983 397 1193 452 fallaciis
1238 396 1516 470 turpitudi-

46 514 165 548 nem
204 514 307 548 non
342 514 500 566 posse
538 494 771 567 sejungi,
810 493 950 546 unde
975 494 1238 565 sequitur,
1276 501 1519 546 cuncta

45 586 431 654 mendacia,
480 588 674 660 quippe
723 605 859 657 quae
906 588 1028 640 huic
1073 587 1257 658 generi
1311 586 1519 659 subjici-

46 691 228 747 antur,
267 701 420 735 esse
456 683 713 754 turpia:
771 682 1013 754 quoniam
1036 699 1161 736 vero
1199 699 1304 733 non
1338 699 1519 734 omnes

45 775 304 847 ejusmodi
353 776 587 828 fallaciae
633 775 907 829 mendacia
945 785 1091 840 sunt,
1143 774 1239 829 sed
1275 794 1372 828 eae
1406 783 1520 829 tan-

42 878 192 933 tum,
253 870 306 922 in
355 871 541 940 quibus
598 870 732 924 inest
767 869 1051 924 enuntiatio
1094 869 1379 943 subjective
1428 868 1521 922 fal-

46 982 107 1017 sa
141 961 260 1031 m),
309 964 491 1033 quaeri
533 963 755 1034 poterit,
808 981 932 1016 num
986 982 1049 1016 ea
1088 981 1173 1017 res
1209 963 1523 1017 cumulatam

46 1074 227 1110 secum
281 1054 418 1109 ferat
461 1054 745 1109 mentiendi
802 1075 933 1126 prae
989 1057 1237 1121 caeteriS,
1288 1074 1425 1125 quae
1470 1056 1522 1108 in

48 1149 295 1220 cogitatis
331 1167 453 1202 cum
477 1150 585 1203 aliis
608 1148 1051 1202 communicandis
1068 1158 1354 1214 versentur,
1381 1148 1524 1201 falla-

48 1243 139 1296 ciis
162 1241 551 1314 turpitudinem.
626 1242 818 1314 Neque
846 1252 1020 1296 tamen
1037 1261 1234 1313 magno
1260 1262 1391 1315 opus
1428 1243 1525 1297 erit

43 1334 120 1388 >ad
155 1335 292 1388 hanc
329 1336 688 1406 quaestionem
726 1335 1026 1389 solvendam
1061 1345 1332 1407 apparatu.
1406 1337 1526 1391 Pri-

49 1448 193 1483 mum
231 1429 368 1482 enim
402 1449 557 1482 nemo
607 1440 712 1495 est,
769 1432 892 1501 quin
946 1429 1351 1485 enuntiationem
1403 1430 1526 1482 sub-

42 1523 235 1596 jective
283 1523 494 1590 falsam,
555 1543 653 1595 per
704 1542 861 1593 quam
907 1542 1079 1595 neque
1140 1522 1336 1578 debeat
1385 1525 1526 1596 quis-

51 1635 209 1687 quam
262 1635 326 1669 ex
374 1619 569 1673 autoris
608 1619 819 1672 consilio
870 1635 1038 1688 neque
1073 1619 1236 1689 possit
1280 1618 1334 1670 in
1382 1637 1527 1672 erro-

49 1729 163 1763 rem
219 1710 424 1777 induci,
480 1744 550 1751 —-
607 1712 776 1784 qualia
846 1711 1006 1765 muita
1063 1721 1187 1767 sunt
1251 1717 1528 1784 poetarum

52 1813 349 1858 commenta
372 1804 472 1874 n),
506 1836 575 1844 —-
623 1824 723 1876 per
760 1824 819 1859 se
854 1814 1144 1877 spectatam
1179 1826 1246 1860 ne
1274 1807 1530 1861 levissima

52 1897 266 1969 quidem
331 1898 666 1970 turpitudinis
718 1901 906 1952 umbra
955 1899 1208 1953 maculari
1255 1898 1528 1954 concedat.

51 1992 261 2046 Deinde
297 2012 419 2046 vero
455 2002 625 2064 patet,
671 2012 776 2045 non
814 1994 983 2066 magis
1033 1993 1170 2047 laedi
1205 1994 1530 2067 majestatem

53 2086 186 2140 entis
239 2086 555 2141 rationabilis
601 2087 666 2158 (a
713 2087 859 2159 cujus
905 2088 1133 2140 laesione
1179 2086 1407 2159 pendet,
1471 2096 1531 2141 ut

52 2198 214 2251 supra
248 2181 672 2245 monstravimUS,
729 2180 796 2233 de
834 2180 1042 2234 fallendi
1084 2180 1404 2253 turpitudine
1442 2182 1528 2255 ju-

52 2272 308 2344 dicium),
366 2275 409 2327 si
461 2292 702 2327 sermone
754 2275 1070 2329 enuntiativo
1130 2295 1287 2346 quam
1337 2277 1379 2330 si
1429 2276 1527 2331 alia

53 2366 281 2439 quadam
325 2368 526 2422 ratione
572 2369 757 2423 falsum
806 2369 905 2440 ipsi
952 2371 1309 2441 persuaseriS,
1355 2389 1529 2440 neque

52 2478 179 2513 vero
233 2459 347 2530 plus
386 2461 557 2514 valere
593 2461 661 2516 ad
696 2462 1086 2534 impediendum
1138 2473 1296 2535 atque
1349 2464 1527 2518 debili-

53 2552 271 2608 tandum
320 2556 576 2609 sermonis
624 2575 776 2610 usum
811 2557 989 2630 (cujus
1039 2557 1114 2610 rei
1161 2554 1413 2626 quantum
1461 2561 1522 2614 sit

1 2748 3 2762 ·
55 2744 119 2797 m)
162 2745 388 2790 Quomodo
430 2745 522 2797 quis
564 2742 711 2785 fallere
759 2750 886 2797 queat
926 2758 1149 2797 sermone,
1195 2749 1382 2801 quamvis
1416 2739 1515 2786 nihil

114 2820 205 2861 salsi
239 2823 453 2870 enuntiet,
484 2820 743 2862 ostendimus
772 2823 799 2872 ς
819 2824 858 2863 4.
892 2834 988 2875 pag.
1011 2825 1175 2863 26-27
1206 2828 1250 2865 et
1278 2818 1441 2865 33—34.

51 2899 105 2954 η)
140 2899 308 2945 Csratur
338 2904 417 2953 §2
452 2916 547 2956 pag.
573 2904 639 2943 16.
