1698 3084
644 96 1035 149 *117—

95 233 257 294 Quod
297 252 419 287 vero
459 234 710 301 diximus,
766 235 952 290 eadem
1000 235 1173 289 omnia
1220 235 1424 290 sublato
1464 256 1577 292 ser-

91 348 248 381 mone
282 329 574 395 iuteritura,
614 340 666 383 et
701 350 909 384 omnem
948 329 1367 384 communionem
1402 330 1570 384 homi-

89 440 243 487 num,
294 430 550 492 quatenus
597 424 932 477 rationabiles
971 424 1098 487 sint,
1151 442 1271 477 cum
1322 444 1385 477 eo
1423 425 1572 481 simul

86 516 244 568 finem
289 515 612 579 habituram,
665 515 721 568 id
769 535 836 569 ne
886 518 970 570 cui
1017 515 1363 571 confidentius
1413 538 1571 589 quam

85 609 256 662 verius
295 608 493 664 dictum
532 627 648 661 esse
683 609 949 676 videatur,
987 611 1296 665 sententiam
1332 621 1567 666 nostram

80 701 153 755 ita
188 702 577 774 interpretanti,
627 721 692 755 ac
746 704 788 756 si
828 704 895 757 de
931 721 1248 773 quocunque
1297 705 1565 760 hominum

74 803 255 860 stata,
315 795 424 849 sive
472 795 552 848 his
598 795 652 847 in
689 798 841 854 terris
894 799 1173 853 viventium
1222 797 1331 853 sive
1387 799 1563 870 perfe-

84 889 249 942 ctiore
283 889 393 956 illa,
452 889 505 942 in
541 907 697 960 quam
729 910 826 963 per
860 900 1084 944 mortem
1134 899 1214 944 est
1261 891 1564 963 ingredien-

83 979 237 1046 dum,
293 983 397 1035 vita
461 982 769 1047 fruentium,
840 984 1058 1054 intelligi
1124 982 1366 1050 velimus,
1442 994 1564 1038 ante

81 1074 254 1126 omnia
285 1074 572 1129 tenendum
614 1077 740 1141 erit,
775 1077 900 1131 nihil
939 1097 1056 1131 esse
1095 1079 1344 1143 rationiS‚
1392 1080 1564 1132 curin

79 1168 401 1238 praestantia
418 1170 673 1223 sermonis
701 1170 1046 1226 monstranda
1074 1170 1142 1223 ad
1164 1179 1358 1225 statum
1383 1190 1562 1226 rerum

78 1263 315 1317 futurum
362 1263 590 1317 necdum
646 1264 796 1318 nobis
863 1266 1136 1336 cognitum
1201 1265 1560 1335 respiciamuS,

81 1376 430 1430 quaecuuque
475 1359 636 1428 igitur
672 1356 741 1410 de
775 1358 1027 1412 sermonis
1062 1357 1376 1410 necessitate
1417 1359 1561 1411 dixe-

76 1452 265 1517 rimus,
317 1469 381 1504 ea
418 1450 486 1504 de
525 1452 614 1505 tali
657 1469 833 1505 rerum
873 1459 1012 1504 statu
1051 1447 1388 1519 intelligenda
1425 1470 1560 1519 esse,

79 1544 243 1617 qualis
285 1544 363 1597 his
394 1545 446 1597 in
490 1544 643 1598 terris
681 1542 1122 1614 deprehendatur.
1196 1542 1399 1602 Quibus
1435 1563 1560 1598 con-

75 1639 266 1694 stitutis
300 1639 438 1692 sacili
470 1656 635 1710 opera
661 1638 998 1707 intelligetur,
1037 1635 1228 1688 nullam
1259 1654 1375 1690 esse
1402 1657 1560 1710 posse

75 1734 358 1799 hominum,
399 1733 451 1785 in
497 1741 746 1804 quantum
784 1730 1116 1785 rationabiles
1170 1730 1303 1795 sint,
1356 1733 1559 1805 absque

76 1847 319 1882 sermone
371 1825 773 1891 commercium,
809 1826 1182 1901 quippe-„quos
1228 1827 1559 1882 manifestum

75 1922 170 1987 sit,
234 1922 278 1975 si
335 1939 578 1975 sermone
642 1919 1022 1985 destituantur,
1076 1921 1368 1976 nescituros
1426 1943 1559 1991 esse,

74 2033 199 2067 num
245 2014 347 2068 sint
388 2023 601 2086 praeter
638 2013 781 2085 ipsos
829 2023 923 2068 aut
971 2032 1233 2083 quaenam
1275 2017 1377 2071 sint
1422 2019 1562 2071 entia

73 2110 220 2162 finita
256 2108 460 2162 ratione
491 2107 762 2179 praedita3
800 2109 992 2163 etenim
1014 2109 1066 2160 in
1090 2116 1312 2179 pectora
1342 2108 1560 2164 aliorum

72 2203 331 2275 inspicere
393 2221 497 2254 non
563 2201 712 2266 licet,
791 2219 855 2256 ex
913 2202 1206 2256 actionibus
1265 2211 1441 2256 autem
1507 2204 1560 2257 in

73 2316 257 2351 sensus
308 2295 620 2351 cadentibus
669 2313 766 2368 per
819 2313 878 2348 se
932 2293 1181 2367 spectatis
1245 2295 1382 2349 nulla
1447 2299 1559 2369 peti

131 2564 200 2606 die
232 2563 421 2618 Sprache
454 2565 667 2617 gelingen.
700 2586 758 2593 ——-
809 2564 871 2609 Ist
905 2565 974 2606 die
1005 2563 1196 2617 Sprache
1228 2564 1442 2607 zwischen'
1470 2566 1554 2609 den

131 2640 364 2682 Menschen
399 2640 653 2693 eingefuhrt,
685 2652 732 2680 so
763 2641 817 2683 ist
849 2643 922 2683 das
940 2639 1076 2690 Band,
1111 2639 1186 2680 das
1216 2641 1276 2682 sie
1310 2642 1550 2698 verkni'xpft,

133 2717 206 2758 das
239 2717 383 2758 Mitte}
415 2716 500 2757 sicli
535 2730 589 2757 zu
621 2715 852 2768 lie-rubram
884 2716 1084 2758 einander
1112 2716 1380 2770 gegenseitig
1403 2730 1459 2758 zu
1479 2717 1556 2758 be-

131 2794 353 2845 suffimen,
414 2806 467 2834 zu
512 2793 639 2836 leiten
686 2806 727 2835 u.
776 2794 852 2835 auf
898 2793 1097 2835 elnander
1146 2792 1430 2834 einzuwirken
1480 2806 1560 2845 ge-

136 2867 304 2911 funden,
