1719 3084
639 112 868 165 ...13
956 143 1026 153 ....

91 254 352 316 sidentes,
400 270 460 306 re
494 254 609 326 ipsa
649 253 1030 311 consentientes
1048 295 1061 318 ‚
1109 252 1562 329 fallendi‘quidem

92 351 409 405 voluntatem
446 347 619 403 inesse
664 346 878 402 tradunt
924 348 1119 402 notioni
1156 349 1440 418 mendacii,
1489 353 1564 408 ita

92 453 265 499 autem
314 441 567 496 definiunt
610 440 751 495 istud
787 440 964 494 fallere
986 484 1000 506 ‚
1056 450 1117 496 ut
1150 443 1272 497 nihil
1303 447 1369 500 sit
1405 446 1561 515 aliud,

91 557 250 610 quam
304 537 556 590 scientem
599 535 731 589 salsa
776 535 1044 607 proferre,
1086 537 1195 590 sive
1241 558 1305 593 ea
1341 560 1436 612 spe
1471 561 1561 595 eoa

90 649 196 702 que
232 630 445 683 consilio
478 629 531 683 id
571 630 691 695 fiat,
729 640 788 684 ut
823 629 952 683 salsa
989 629 1097 683 eliis
1128 632 1560 702 persuadeantur,

89 725 198 778 sive
257 743 408 777 secus
434 722 512 793 k).
597 723 756 777 Unde
809 724 1104 776 joannes
1164 727 1557 801 Azoriusl):

89 819 180 871 “si
218 837 410 887 rogeS,
447 818 636 888 inquit,
685 837 750 870 an
785 816 853 869 ad
887 817 1216 872 mendacium
1248 825 1560 895 requiratur,

87 920 146 964 ut
197 912 263 965 sit
312 909 509 963 dictum
550 912 623 962 ‘ex
671 910 956 963 intentione
1010 911 1218 966 fallendi
1263 917 1560 975 audientem

87 1036 158 1044 --
192 1035 261 1042 —-
313 1002 691 1074 respondetur,
746 1021 851 1056 non
897 1004 1120 1074 requiri,
1172 1006 1268 1060 sed
1303 1012 1424 1066 satis
1462 1023 1558 1081 est,

86 1107 146 1151 ut
190 1098 257 1152 sit
299 1096 495 1151 dictum
533 1106 716 1150 contra
760 1096 842 1162 id,
880 1097 1022 1168 quod
1067 1109 1245 1153 mente
1280 1103 1558 1172 credimus,

88 1190 301 1264 quando
361 1191 646 1262 loquimur,
708 1192 814 1245 sive
865 1191 1192 1248 intendamus
1254 1194 1407 1249 alium
1466 1218 1558 1252 au-

86 1285 315 1341 dientem
352 1284 627 1358 decipere,
675 1285 782 1339 sive
825 1305 944 1340 non.
1031 1287 1090 1340 Si
1125 1305 1319 1359 roges,
1375 1310 1441 1345 an
1489 1292 1559 1348 ad.

147 1548 212 1589 tit.
233 1551 301 1589 10.
345 1562 381 1590 c.
412 1551 452 1591 1.
497 1551 523 1601 ς
552 1552 601 1591 1:
658 1546 942 1589 “Secundum
989 1545 1055 1601 (in
1087 1549 1330 1605 mendacio)
1357 1550 1436 1605 {est
1479 1566 1558 1596 ex-

145 1622 309 1676 pressio
341 1621 461 1674 ejus,
493 1621 608 1675 quod
638 1621 814 1673 dicitur,
847 1625 993 1662 contra
1023 1621 1150 1674 iliud,
1193 1624 1306 1676 quod
1347 1624 1471 1668 habet
1514 1630 1557 1672 in

142 1699 309 1748 mente,
356 1697 443 1738 sive
475 1695 665 1738 intendat
709 1695 751 1736 in
795 1699 938 1736 mente
977 1694 1184 1735 audientis
1225 1710 1430 1748 generare
1478 1700 1558 1742 sal-

144 1781 235 1810 sam
266 1769 507 1825 opinionem
547 1770 635 1811 sive
665 1781 773 1820 non,
815 1772 864 1809 ut
894 1780 988 1808 cum
1027 1767 1154 1820 dicit,
1185 1770 1300 1822 quod
1340 1773 1557 1815 audientes

145 1843 283 1883 sciunt
315 1854 398 1884 non
416 1855 508 1884 esse
536 1840 707 1898 verum’⁷
740 1846 784 1883 et
812 1841 942 1882 infra:
974 1840 1207 1883 “Tertium
1231 1865 1290 1872 —-
1319 1866 1378 1873 —-
1406 1868 1464 1875 —-—
1493 1852 1558 1888 est

146 1915 353 1967 quaedam
383 1916 653 1958 accidentalis
685 1915 889 1970 perfectio
920 1937 979 1945 ——
1007 1938 1065 1944 --
1096 1919 1140 1956 et
1164 1913 1269 1957 haec
1297 1921 1362 1958 est
1381 1918 1557 1962 intentio

143 1988 373 2040 generandi
414 1989 561 2031 falsam
601 1989 841 2044 opinionem
881 1989 923 2028 in
952 1987 1172 2030 audiente:
1214 2002 1309 2031 cum
1338 1987 1416 2031 hac
1446 1993 1555 2034 enim

142 2062 373 2104 intentione
403 2063 668 2105 mendacium
705 2062 856 2104 fortius
896 2066 960 2104 est
1002 2067 1045 2103 et
1087 2067 1229 2105 tamen
1273 2069 1418 2118 posset
1461 2079 1555 2108 esse

142 2134 405 2177 mendacium
447 2137 538 2178 sine
577 2134 699 2178 ista.⁷’

83 2229 133 2285 k)
176 2231 583 2274 Bonaventura
627 2233 670 2275 in
712 2232 804 2275 LL.
850 2233 930 2274 SS.
974 2232 1002 2273 Ι.
1031 2232 1107 2274 ΙΠ.
1152 2233 1247 2275 dist.
1279 2237 1351 2275 38.
1409 2247 1477 2287 qu.
1511 2238 1552 2276 5.

143 2316 180 2346 n.
203 2307 296 2349 50„
335 2304 634 2348 Durandus
667 2307 709 2348 in
729 2305 821 2349 LL.
845 2307 925 2348 SS.
959 2306 985 2348 l.
1009 2306 1084 2348 III.
1116 2306 1297 2348 distinct,
1317 2309 1388 2348 38.
1420 2321 1488 2361 qu.
1514 2312 1551 2350 1.

142 2377 442 2421 “mendacium
483 2384 548 2421 est
589 2380 696 2422 falsa
740 2380 857 2422 vocis
896 2379 1151 2432 significatio
1191 2393 1287 2422 cum
1326 2380 1555 2424 intentione

140 2449 314 2492 fallendi
350 2452 377 2493 i.
410 2465 446 2494 e.
482 2453 635 2496 salsum
665 2452 858 2495 dicendi⁷’
887 2457 967 2494 cet.

81 2545 123 2600 l)
158 2547 414 2589 institution.
458 2547 611 2590 Moral.
673 2553 822 2591 autore
875 2549 914 2590 J.
957 2549 1167 2590 Azorio
1219 2553 1359 2591 tomus
1404 2551 1554 2593 tertius

138 2633 172 2661 s.
223 2634 319 2674 pars
350 2622 475 2663 tertia
518 2621 741 2676 (Lugduni
774 2625 902 2664 1622.
938 2622 1034 2676 fol.)
1084 2623 1108 2664 l.
1133 2622 1250 2664 XIII.
1298 2637 1334 2664 c.
1368 2627 1407 2666 1.
1453 2640 1552 2680 pag.

138 2695 239 2734 902.
266 2717 324 2724 ——-
366 2694 612 2738 Doctrinam
643 2696 864 2749 Aquinatis
894 2709 989 2737 cuni
1021 2696 1230 2737 sententia
1257 2699 1420 2751 vulgari
1448 2713 1552 2740 con-

137 2767 282 2808 ciliare
299 2767 458 2809 studuit
484 2769 549 2809 Ν
539 2783 550 2810 ι
566 2783 601 2811 c.
621 2770 696 2810 Ab
711 2783 819 2811 ram
839 2770 881 2809 in
898 2769 1247 2812 commentatione
1263 2770 1316 2812 de
1333 2772 1552 2813 mendacio

133 2850 185 2878 ac
226 2840 405 2883 veritate
460 2841 582 2895 (edit.
626 2844 760 2884 Paris.
811 2845 938 2885 1618.
974 2842 1042 2884 fol.
1089 2843 1211 2885 simul
1261 2857 1356 2887 cum
1409 2845 1549 2925 Pinaro

133 2910 227 2953 xet.
271 2913 556 2969 Testamenti)
606 2916 689 2958 !.1.
733 2931 768 2959 c.
799 2921 863 2960 15.
906 2919 932 2968 ἓ
962 2920 1057 2958 1οι.
