1698 3084
610 92 958 145 ...57-....

53 232 350 296 accurati-’us
372 230 751 300 considerem,
792 250 857 286 eo
897 231 1067 288 minus
1104 249 1190 287 me
1225 231 1393 286 fateor
1415 247 1535 302 per-

51 327 275 397 spicere.
348 325 685 381 Manifestum
721 328 856 380 enim
895 347 1011 380 esse
1049 327 1235 392 debet,
1286 323 1535 397 quicquid

11 480 15 486 x
53 437 152 490 per
187 437 246 471 se
280 428 439 490 turpe
471 418 702 486 dicatur,
742 439 845 473 non
881 421 978 474 nisi
1012 420 1133 474 ideo
1161 419 1264 475 tale
1292 418 1536 492 judicari,

58 511 181 580 quia
219 531 283 565 ex
317 513 531 567 notione
585 532 682 566 sua
727 524 904 568 certae
951 513 1158 568 cuidam
1194 513 1398 567 ethicae
1429 513 1538 583 legi

47 605 377 677 intelligatur
424 605 716 673 adversari,
768 607 909 680 quod
945 609 989 662 si
1013 609 1126 683 jam
1170 607 1268 661 alia
1301 606 1424 677 lege
1450 607 1537 678 ju·-

60 699 174 750 beri
222 699 472 764 doc-etur,
505 699 660 764 'scire
714 702 859 766 voIO‚
921 719 1149 770 quanam
1196 700 1409 755 tandem
1456 720 1542 754 ra-

62 793 205 845 tione
243 812 307 844 ea
342 811 426 846 res
461 811 582 845 cum
619 805 766 849 recta
809 813 1042 866 sanaque
1092 794 1160 848 de
1196 795 1374 848 officio
1417 813 1543 848 con-

64 887 423 958 scientiaeque
457 884 663 954 legibus
700 889 1041 957 persuasione
1074 890 1240 960 possit
1269 889 1546 944 conciliari.

64 978 280 1043 Quare,
331 977 419 1048 qui
453 977 592 1031 hanc
628 981 849 1051 amplexi
889 982 1082 1036 suerint
1118 982 1435 1049 doctrinam,
1485 984 1545 1037 iis

69 1071 193 1123 nihil
230 1069 371 1123 aliud
405 1070 664 1142 reliquum
705 1075 835 1139 erit,
885 1092 1042 1144 quam
1077 1086 1135 1131 ut
1164 1077 1310 1147 leges
1348 1077 1547 1131 ethicas

67 1183 173 1216 non
211 1165 389 1236 specie
424 1163 521 1217 sed
556 1184 739 1220 revera
781 1187 963 1221 secum
1000 1187 1244 1239 pugnare
1290 1179 1547 1226 statuant:

69 1257 123 1311 id
161 1266 336 1311 autem
374 1259 489 1327 quis
530 1269 636 1326 est,
675 1261 788 1331 qui,
828 1280 931 1314 non
971 1260 1088 1314 dico
1116 1262 1211 1316 sibi
1243 1262 1552 1335 persuaderi

68 1352 328 1424 patiatur,
389 1371 572 1407 verum
619 1355 803 1409 audire
850 1355 1140 1410 sustineat?
1230 1360 1310 1411 Ab
1361 1357 1550 1414 eodem

70 1464 252 1498 errore
300 1464 469 1518 prope
526 1450 715 1504 abesse
766 1449 1033 1517 videntur,
1093 1452 1214 1521 qui,
1258 1452 1549 1524 proposita

70 1539 328 1593 mendacii
392 1539 692 1596 definitione
753 1543 972 1616 ejusque
1023 1543 1344 1617 turpitudine
1403 1565 1552 1599 mon-

71 1644 267 1700 strata,
314 1634 438 1688 inde
475 1636 543 1689 ad
577 1635 903 1708 singulorum
940 1637 1335 1691 mendaciorum
1377 1657 1552 1692 mora-

75 1731 304 1795 litatem,
360 1747 518 1799 quam
555 1742 772 1798 vocant,
823 1741 1093 1787 transeunt
1140 1732 1552 1800 examinandam,

77 1843 364 1894 eorumque
427 1824 670 1878 nonnulla
728 1825 950 1879 honesta
1017 1844 1135 1879 esse
1215 1826 1410 1881 docent
1461 1826 1551 1895 e),

76 1919 224 1991 quasi
271 1938 396 1972 vero
450 1937 554 1971 non
603 1918 703 1974 sint
753 1939 873 1974 cum
919 1939 1120 1993 genere
1170 1921 1319 1976 simul
1370 1940 1550 1975 omnes

135 2156 317 2211 rejette,
370 2165 414 2202 et
465 2160 558 2202 cela
615 2161 753 2204 meme
793 2165 860 2203 est
901 2165 1045 2202 nostre
1085 2158 1364 2215 supposition.
1435 2151 1555 2198 c’est

138 2234 348 2284 pourquoi
380 2247 434 2275 on
464 2247 518 2275 ne
559 2240 662 2289 peut
701 2248 776 2290 pas
819 2235 909 2275 dire
949 2236 1086 2276 meme
1130 2247 1182 2275 en
1229 2246 1278 2275 ce
1314 2244 1407 2282 cas,
1451 2229 1555 2283 qu'il

139 2303 224 2344 soit
258 2306 566 2358 legitimement
603 2308 746 2362 oblige
778 2308 803 2348 ὲ
833 2307 1014 2363 pecher‚
1060 2309 1089 2350 il
1119 2321 1147 2360 y
1178 2311 1242 2348 est
1271 2306 1418 2361 porte,
1448 2305 1556 2346 mais

142 2378 170 2418 il
202 2377 270 2431 n⁷y
306 2386 371 2421 est
401 2395 476 2435 pas
508 2382 651 2434 oblige
684 2381 990 2434 legitimement
1022 2381 1141 2436 (pag.
1157 2378 1294 2433 415.).

82 2460 128 2514 e)
162 2461 360 2502 Cfrantur
392 2464 630 2504 Crusius
654 2464 910 2516 Anweisung
940 2463 1181 2515 verniinftig
1198 2475 1253 2502 zu
1270 2461 1393 2502 leben
1417 2461 1557 2511 §44ss

144 2534 218 2575 ubi
247 2534 290 2575 in
323 2535 416 2589 ipsa
448 2536 692 2577 definitione
725 2537 934 2578 mendacii
970 2537 1090 2590 (pag.
1109 2535 1234 2589 585.)
1275 2534 1393 2589 ponit
1422 2533 1555 2575 viola-

144 2607 303 2650 tionem
335 2609 464 2650 officii
493 2610 757 2662 veracitatis,
788 2610 895 2651 infra
925 2615 1067 2652 autem
1110 2607 1230 2663 (pag.
1251 2606 1377 2662 586.)
1419 2605 1556 2648 rario-

145 2693 215 2722 res
237 2683 441 2735 quosdam
473 2696 595 2725 casus
625 2683 812 2736 inducit,
847 2684 920 2726 ubi
952 2684 1008 2726 sit
1037 2682 1346 2725 mentiendum:
1377 2681 1432 2723 da
1460 2692 1557 2722 man

145 2767 228 2796 von
258 2754 336 2797 der
362 2753 518 2797 Pflicht
559 2756 635 2798 der
666 2755 1021 2812 Wahrhaftigkeit
1051 2757 1159 2800 ohne
1190 2757 1454 2809 Verletzung
1484 2752 1561 2795 des

143 2829 407 2872 natiiriichen
449 2829 637 2873 Rechtes
683 2833 924 2876 abweichen
955 2832 1090 2875 durfe.
1149 2831 1225 2873 -De
1256 2830 1442 2873 Wette
1472 2824 1557 2870 chr.

147 2901 403 2946 Sitteulehre
438 2907 490 2946 3r
506 2904 629 2948 Theil
675 2908 812 2957 §443
847 2909 1063 2962 pag.104.
1089 2908 1187 2947 105.
1223 2908 1265 2945 ot
1297 2904 1441 2952 §454
