1698 3084
665 91 1057 146 -116-

116 243 336 299 ctrinam
399 237 467 290 de
519 233 797 289 mendacio
851 233 950 289 sibi
1002 231 1184 289 sumsit
1230 231 1607 295 illustrandam,

116 335 429 408 Adolpho
479 330 736 382 Naebe.
834 328 925 382 Ille
961 329 1152 400 igitur:
1211 327 1376 394 „ham
1426 329 1610 401 inquit,

114 433 275 488 utitur
315 436 511 489 mater,
551 433 612 478 ut
647 423 832 477 infanti
868 424 1094 496 primum
1132 422 1342 476 instillet
1361 441 1610 487 amorem,

119 526 223 580 hac
259 527 667 595 praeceptores,
705 527 763 572 ut
801 517 1040 591 discipuli
1078 517 1306 571 humana
1355 524 1408 570 et
1444 515 1615 569 divina

122 619 367 690 cogitare
414 624 469 669 et
505 613 752 687 judicare
801 613 1035 677 discant,
1093 612 1196 666 hac
1243 610 1503 677 artifices,
1558 620 1618 664 ut

118 721 262 767 artes
299 718 667 781 propagentur
704 717 756 762 et
795 706 1172 772 emendentur,
1229 706 1334 759 hae
1369 704 1616 760 doctores

118 803 421 876 religioniS‚
462 812 521 857 ut
559 802 844 875 discipulos
882 817 1064 854 rerum
1101 799 1391 854 divinarum
1431 799 1617 870 cogni—

121 900 268 955 tione
317 896 579 962 imbuant,
637 896 741 950 hac
791 896 1106 968 scriptores,
1173 903 1235 948 ut
1267 893 1431 948 multa
1482 892 1616 948 scitu

121 992 425 1050 necessaria
489 988 598 1043 aliis
653 989 963 1046 exhibeant:
1017 999 1079 1045 ut
1127 988 1308 1063 paucis
1366 987 1619 1053 dic-amm,

125 1086 333 1161 loquela
371 1093 480 1151 est,
526 1101 665 1156 quae
701 1083 930 1138 arctiore
964 1084 1170 1139 vinculo
1220 1080 1457 1136 homines
1494 1100 1621 1134 con-

117 1181 328 1258 jungit,
362 1180 520 1233 vitam
557 1176 902 1231 domesticam
940 1186 994 1232 et
1031 1177 1259 1240 civilem,
1294 1174 1619 1228 intellectua-

121 1275 258 1337 lem,
310 1270 592 1336 moralem,
644 1270 949 1341 religiosam
999 1269 1224 1334 excitat,
1279 1268 1398 1333 alit,
1453 1278 1620 1340 auget

124 1379 286 1438 atque
340 1363 613 1429 emendat,
662 1383 771 1436 qua
825 1373 879 1419 et
914 1382 1008 1431 ea,
1067 1382 1205 1437 quae
1254 1362 1619 1435 antiquissimis

125 1472 181 1519 et
251 1477 390 1531 quae
449 1456 823 1512 recentissimis
889 1459 1214 1531 temporibus
1287 1457 1619 1530 cogitarunt,

128 1564 407 1613 senserunt
452 1562 509 1608 et
554 1553 757 1625 experti
794 1562 916 1609 sunt
945 1552 1223 1619 mortaleS‚
1277 1552 1346 1606 ad
1395 1553 1619 1625 posteri-

124 1661 288 1708 tatem
336 1646 416 1701 vel
468 1647 873 1702 remotissimam
921 1655 1313 1722 propagentur,
1382 1655 1442 1701 ut
1477 1645 1621 1718 quod

125 1765 341 1807 verum,
399 1743 636 1818 justum,
699 1743 978 1799 honestum
1038 1761 1102 1795 ac
1167 1742 1243 1795 fas
1291 1750 1400 1806 est,
1465 1742 1617 1808 utile,

126 1838 388 1894 laudabile
439 1855 504 1890 ac
553 1836 812 1903 salutare,
880 1845 1212 1909 cognoscant
1263 1845 1315 1889 et
1349 1846 1617 1909 appetant,

128 1930 393 1987 contraria
445 1941 700 2002 respuant·
759 1949 823 1985 ac
883 1929 1119 2002 fugiant,
1194 1940 1247 1985 et
1295 1929 1400 1983 hoc
1459 1932 1619 1985 modo

126 2027 427 2082 universum
487 2044 659 2096 genus
710 2026 999 2080 humanum
1046 2026 1202 2080 vitam
1255 2043 1401 2078 suam
1458 2026 1617 2079 inter-

128 2142 252 2177 nam
290 2130 343 2175 et
378 2128 645 2174 externam
673 2119 887 2175 tandem
908 2118 1187 2194 aliquando
1224 2119 1614 2191 pe1·ssciat''u>).

130 2367 193 2423 w)
226 2366 480 2410 Dissertatio
528 2378 624 2407 cum
665 2363 718 2406 de
750 2361 970 2407 mendacio
1016 2359 1059 2402 in
1099 2372 1281 2414 genere,
1324 2363 1415 2402 tum
1456 2358 1509 2402 de
1551 2373 1617 2411 eo,

187 2444 302 2498 quod
334 2456 410 2497 per
439 2444 732 2484 necessitatem
756 2446 970 2483 extortum
998 2436 1250 2489 nominatur,
1282 2442 1430 2478 autore
1463 2436 1532 2477 Fr.
1564 2438 1613 2478 A.

186 2521 238 2562 A.
271 2519 386 2561 Nae
403 2513 465 2561 be
515 2519 713 2574 (Lipsiae
743 2515 898 2569 1829.)
939 2527 1037 2568 pag.
1059 2514 1098 2554 1.
1173 2512 1344 2555 Cfratur
1375 2512 1505 2555 etiam
1550 2513 1617 2555 de

192 2596 380 2639 Wette
428 2594 514 2637 chr.
561 2593 819 2637 Sittenlehre
861 2589 988 2632 aTh.
1036 2591 1189 2641 §4482
1275 2590 1392 2631 Aller
1423 2587 1616 2632 Ver-kehr

193 2677 318 2713 unter
349 2673 430 2714 den
462 2670 698 2714 Menschen
730 2669 832 2711 wird
864 2665 995 2709 durch
1025 2666 1095 2707 die
1125 2663 1316 2720 Sprache
1356 2665 1616 2720 eingeleitet,

191 2747 447 2802 fortgosetzt
488 2761 526 2790 u.
572 2747 793 2801 geordnet.
854 2745 936 2786 Die
965 2743 1102 2785 blosse
1133 2742 1366 2796 Handluug
1410 2741 1513 2783 wird
1553 2743 1616 2783 sie

187 2824 525 2879 augenblicklich
573 2837 655 2865 ron
702 2821 901 2866 einander
943 2819 1156 2862 abstossen
1199 2819 1304 2860 oder
1345 2818 1615 2871 gegenseitig

187 2899 418 2954 anziehen,
451 2899 554 2943 aber
585 2899 651 2942 ein
683 2895 962 2952 cigentlicher
994 2894 1189 2940 Verkehr
1230 2897 1342 2938 kann
1372 2907 1454 2938 nur
1485 2893 1615 2937 durch
