1735 3116
669 48 1058 101 ...5...

125 190 340 245 dictisve
391 189 438 242 ei
493 197 585 244 aut
636 188 967 262 subjiciendis
1018 197 1110 244 aut
1158 184 1441 242 eximendis
1491 203 1597 237 non

124 284 326 339 dubitet
387 284 524 336 serre
592 283 935 337 sententiam:
1003 283 1164 353 longe
1212 279 1352 333 aliud
1419 288 1596 333 tamen

123 378 271 449 sequi
327 376 533 431 videtur
584 398 648 431 ex
696 377 892 431 infinito
944 375 1182 430 dissensu
1222 393 1433 439 eorum,
1489 373 1593 443 qui,

120 472 172 525 in
220 471 370 543 vagis
422 472 531 526 istis
591 481 749 543 atque
802 471 1068 536 obscuriS,
1119 479 1179 523 ut
1227 469 1591 540 opinabantur,

117 566 260 637 vulgi
316 566 723 636 cogitationibus
790 566 1072 620 subsistere
1134 562 1436 633 dedignati,
1503 579 1591 612 ex-

118 669 290 714 actam
339 661 450 733 ejus
500 660 854 715 definitionem
916 678 1103 713 eruere
1159 656 1404 729 aggressi
1457 662 1589 708 sunt.

116 757 295 816 Quum
355 755 521 824 igitur
579 774 683 808 non
745 754 1003 827 possimus
1062 752 1273 824 quidem
1331 750 1588 811 dubitare,

114 850 237 920 quin
275 848 461 902 eadem
503 849 742 902 omnibus
791 850 1068 903 obversata
1106 848 1260 900 fuerit
1296 846 1468 909 notiO,
1522 842 1589 895 sit

57 995 62 997 ,
113 962 237 996 vero
287 942 444 996 etiam
490 940 920 1006 concedendum,
962 960 1080 995 esse
1127 961 1245 994 eam
1291 959 1323 992 a
1370 937 1586 1000 cuncti5‚

112 1046 231 1103 aut,
268 1037 311 1090 si
348 1054 503 1108 quem
541 1042 688 1088 recte
727 1034 990 1088 definiisse
1028 1036 1308 1100 fac-iamim,
1346 1054 1377 1086 a
1413 1040 1584 1085 caete-

112 1132 180 1186 ris
233 1131 473 1184 omnibus
529 1129 663 1183 inter
721 1127 1128 1182 describendum
1189 1126 1333 1182 haud
1400 1144 1584 1198 parum

109 1227 432 1281 immutatam
480 1233 638 1295 atque
671 1232 1011 1278 temeratam:
1066 1231 1190 1276 ante
1226 1221 1400 1274 omnia
1435 1227 1587 1272 erunt

109 1321 256 1374 nobis
319 1337 475 1391 quam
537 1317 931 1388 diligentissime
996 1314 1461 1389 circumspicienda
1534 1323 1586 1367 et

103 1434 230 1468 cum
265 1414 544 1467 lectoribus
593 1411 1026 1466 communicanda
1061 1411 1362 1485 adjumenta
1396 1428 1461 1462 ac
1495 1427 1582 1460 ve-

106 1508 198 1561 luti
235 1506 450 1571 auxiiia,
498 1505 686 1576 quibus
722 1506 802 1559 fisi
849 1505 917 1558 ad
953 1524 1127 1558 veram
1171 1503 1454 1560 mentiendi
1490 1502 1584 1555 de—

105 1601 391 1655 finitionem
439 1599 696 1669 perveniri
743 1618 902 1672 posse
950 1618 1249 1671 speremus,
1302 1597 1582 1652 indicanda

106 1695 205 1750 erit
239 1694 350 1759 via,
407 1694 492 1746 cui
528 1694 579 1747 in
634 1712 699 1748 ea
735 1693 1039 1766 quaerenda
1083 1692 1428 1749 insistendum
1465 1711 1583 1746 esse

106 1798 411 1844 statuamus,
445 1818 516 1829 —--
563 1789 684 1842 Jam
720 1806 846 1843 vero
881 1797 1056 1862 patet,
1103 1788 1335 1860 quamvis
1376 1789 1580 1843 nescia-

104 1894 191 1938 tur
226 1883 295 1937 de
329 1882 635 1950 mendaci0‚
681 1902 786 1936 non
824 1884 1013 1938 nesciri
1046 1892 1224 1939 tamen
1260 1882 1330 1937 de
1363 1882 1580 1938 menda-

106 1979 210 2033 ciis.
285 1978 707 2051 Quantacunque
736 1979 873 2032 enim
910 1987 963 2035 et
989 1987 1069 2033 est
1093 1988 1146 2032 et
1175 1979 1274 2032 fuit
1302 1978 1355 2031 in
1383 1978 1576 2032 consti-

103 2072 301 2128 tuenda
354 2074 568 2127 notione
622 2072 923 2140 diversitaS,
982 2083 1387 2145 quantacunque
1453 2071 1576 2126 inde

25 2221 29 2224 ,
104 2176 220 2222 orta
278 2168 420 2222 circa
477 2167 686 2239 singula
750 2188 961 2241 quoque
1024 2168 1307 2235 dissensi0‚
1380 2168 1575 2240 quippe

104 2281 266 2334 quum
313 2261 383 2315 ad
419 2262 694 2316 mendacia
733 2262 1002 2319 traherent
1037 2264 1147 2332 alii,
1203 2284 1341 2337 quae
1391 2263 1475 2316 alii
1508 2262 1576 2316 de

103 2373 322 2409 numero
380 2375 563 2411 eorum
615 2356 802 2412 vellent
848 2367 1080 2424 exemta,
1138 2367 1349 2412 manent
1401 2367 1577 2411 tamen

105 2449 299 2522 agendi
357 2450 438 2503 vel
496 2451 689 2505 rectius
749 2450 957 2505 dicendi
1016 2451 1276 2522 quaedam
1329 2450 1574 2514 rationeS,

102 2565 232 2617 quas
284 2546 571 2599 communis
608 2548 837 2600 omnium
876 2565 1161 2600 consensus
1203 2545 1308 2600 huc
1343 2545 1577 2598 referen-

104 2639 199 2694 das
238 2659 357 2695 esse
404 2640 621 2693 evincat.
691 2640 904 2694 Exinde
954 2651 1131 2696 autem
1168 2642 1429 2714 sequitur,
1482 2641 1578 2695 uisi

104 2734 352 2801 fallimur,
400 2734 730 2805 deprehensa
765 2735 849 2788 hic
885 2757 916 2789 a
952 2737 1100 2807 nobis
1148 2737 1312 2790 teneri
1347 2737 1577 2808 genuina

99 2828 358 2884 mendacii
410 2828 679 2901 exempla,
744 2829 794 2882 in
842 2832 1027 2904 quibus
1088 2842 1147 2886 ut
1200 2832 1317 2886 insit
1363 2833 1467 2886 hoc
1524 2843 1576 2887 et
