1698 3084
675 69 1069 125 -114-

284 218 440 272 Licet
480 222 654 269 autem
696 231 760 267 ex
795 212 964 268 hacce
991 213 1103 288 jam
1143 225 1397 287 appareat
1433 215 1502 271 de
1539 236 1632 273 na-

140 324 261 370 tura
309 310 562 364 sermonis
616 308 1066 374 consideratione,
1122 311 1302 377 quanti
1355 312 1421 366 sit
1477 313 1633 368 aesti-

142 404 336 463 manda
374 402 593 456 facultas
645 404 881 474 cogitata
927 411 1108 456 nostra
1156 422 1276 456 cum
1324 403 1433 460 aliis
1488 426 1632 460 com-

144 497 471 561 munit-andi,
542 499 736 570 quippe
785 515 924 565 quae
987 515 1051 550 ex
1111 497 1406 552 rationabili
1453 510 1636 555 nostra

146 607 336 648 natura
389 591 543 645 veluti
591 611 653 645 ex
705 592 896 643 arbore
947 588 1298 663 pulcherrima
1350 592 1637 648 suavissimi

149 689 352 743 fructus
387 686 549 738 instar
582 686 878 758 proveniat:
930 693 985 738 at
1041 694 1121 737 est
1165 693 1340 738 tamen
1392 686 1492 740 alia
1541 688 1637 741 ob-

151 782 404 846 servatiO,
451 797 549 850 per
586 798 742 850 quam
779 797 883 832 nou
912 777 1195 833 illustretur
1232 778 1399 834 solum
1447 780 1638 835 clarius

151 878 305 952 hujus
383 873 642 928 facultatis
712 873 1062 945 praestantia,
1141 872 1238 927 sed
1296 875 1644 947 perspiciatur

155 988 370 1046 quoque
404 967 698 1023 distinctius
719 1009 732 1031 ‚
788 986 1014 1040 quonam
1053 967 1118 1021 sit
1151 966 1270 1019 loco
1307 968 1556 1040 ponenda
1588 971 1642 1023 in

155 1064 549 1124 enumeratione
603 1070 764 1134 atque
820 1061 1179 1115 aestimatione
1230 1080 1415 1116 eorum
1472 1065 1643 1116 bono-

155 1182 301 1226 rum,
336 1160 389 1213 in
427 1157 614 1230 quibus
653 1173 773 1208 cum
810 1164 1031 1209 naturae
1067 1155 1328 1209 humanae
1359 1157 1643 1229 perfeetio-

159 1275 282 1312 nem
329 1264 443 1309 tum
490 1270 614 1306 vero
653 1254 882 1306 omnium
913 1269 978 1304 ac
1015 1249 1342 1319 singulorum
1376 1250 1646 1306 hominum
1686 1275 1688 1306 ;

163 1349 465 1404 felicitatem
519 1364 780 1400 summum
817 1362 1011 1398 numen
1044 1344 1270 1416 positam
1307 1363 1424 1399 esse
1448 1346 1644 1401 ‘voluit
1688 1351 1689 1354 ’

161 1443 406 1507 Etenim,
456 1440 499 1495 si
535 1441 649 1509 quis
687 1439 906 1494 voluerit
938 1439 991 1492 in
1027 1438 1164 1492 hanc
1199 1458 1311 1492 rem
1348 1438 1647 1512 diligentius

163 1538 452 1610 inspicere,
513 1544 748 1588 mutuam
807 1553 925 1588 esse
983 1532 1238 1605 intelliget
1299 1552 1445 1600 eam,
1510 1553 1649 1605 quae

167 1630 393 1689 sermoni
441 1647 562 1683 eum
614 1627 1015 1685 rationabilitate
1062 1626 1382 1694 intercedat,
1439 1629 1646 1685 relatio-

166 1747 317 1792 nem,
367 1733 425 1779 ut
458 1723 649 1795 igitur,
702 1725 854 1779 sicuti
887 1722 1261 1776 rationabilitas
1297 1734 1516 1778 naturae
1551 1725 1648 1780 hu-

166 1842 356 1881 manae
408 1821 758 1874 necessariam
826 1818 1109 1872 constituat
1158 1817 1412 1872 sermonis
1470 1817 1651 1872 eondi-
1692 1875 1694 1882 ¹

169 1922 390 1983 tionem,
440 1934 546 1987 qua
582 1914 786 1968 sublata
825 1932 998 1966 sermo
1049 1931 1260 1985 quoque
1303 1911 1513 1967 tollatur
1557 1931 1650 1966 ne-

173 2032 324 2070 cesse
366 2012 458 2076 sit,
513 2010 583 2063 ita
621 2009 686 2060 ab
726 2007 887 2061 altera
923 2015 1076 2078 parte
1122 2025 1227 2060 non
1280 2005 1479 2077 possint
1529 2006 1649 2058 abs-
1692 1997 1698 2031 ³³

173 2129 278 2181 que
321 2104 574 2161 sermonis
624 2100 939 2155 commercio
986 2099 1240 2171 pullulare
1291 2110 1450 2169 atque
1499 2100 1651 2153 efflo-

169 2220 413 2267 rescere,
463 2217 598 2268 quae
645 2195 861 2267 singulis
905 2195 1197 2248 hominibus
1233 2196 1468 2266 ingenita
1512 2205 1650 2253 sunt,

171 2297 386 2354 rationis
423 2293 579 2348 veluti
613 2290 866 2362 germina.
954 2289 1127 2349 Quam
1164 2308 1276 2342 rem
1313 2299 1372 2343 ut
1423 2290 1497 2344 ita
1530 2309 1651 2345 sese

170 2395 370 2449 habere
406 2397 697 2443 monsttare
731 2383 879 2437 nobis
913 2385 1200 2456 contingat,
1222 2384 1504 2439 tenendum
1541 2386 1655 2452 erit,

172 2488 313 2541 illum
349 2502 568 2546 nexum,
619 2500 723 2552 quo
759 2475 1086 2550 singulorum
1124 2479 1389 2533 hominum
1425 2481 1651 2535 rationa-

173 2582 423 2635 bilitatem
461 2600 493 2632 a
530 2574 777 2629 facultate
815 2575 1048 2645 cogitata
1097 2593 1217 2626 cum
1261 2574 1369 2628 aliis
1417 2594 1650 2629 commu-

174 2668 380 2722 nicandi
418 2669 652 2739 pendere
679 2667 981 2734 docuimus,
1020 2666 1225 2722 duobus
1257 2670 1501 2723 membris
1525 2689 1651 2724 con-

173 2764 338 2828 tinen-i,
363 2782 583 2834 quorum
606 2763 748 2834 prius
769 2762 871 2816 hoe
887 2765 967 2827 sit,
988 2764 1188 2834 absque
1207 2783 1447 2818 sermone
1461 2764 1653 2819 nullam

169 2867 260 2913 aut
309 2877 426 2913 esse
474 2867 563 2911 aut
601 2877 717 2912 esse
753 2877 910 2930 posse
948 2858 1238 2926 hominum,
1302 2859 1353 2912 in
1394 2868 1654 2929 quantum
1697 2879 1698 2884 ¹
