1698 3084
572 113 964 166 ..67-

29 253 305 306 honestum
342 270 459 307 esse
502 253 767 326 judicent,
820 273 911 308 eos
965 263 1139 309 tamen
1186 274 1291 308 non
1327 276 1499 329 posse,

31 347 154 415 quin
190 347 325 399 hane
358 349 625 419 propriam
671 367 735 401 ac
772 347 928 402 veluti
963 348 1280 420 peculiarem
1318 361 1499 404 tenere

29 441 182 495 velint
216 440 535 507 ‹loc-trinam,
573 442 849 514 quoniam,
905 441 947 495 si
994 443 1232 498 omnibus
1268 464 1501 499 eommu-

28 535 106 589 nis
142 536 406 606 fingatur,
458 536 531 589 ita
581 555 638 590 se
684 536 799 608 ipsa
838 554 1083 590 eversura
1132 538 1228 604 sit,
1278 549 1363 603 ut,
1414 542 1503 594 ubi

27 628 265 682 adhiberi
304 640 490 701 queat,
528 630 695 683 nullus
732 629 958 701 reliquus
996 631 1202 686 futurus
1239 633 1305 688 sit
1338 633 1502 688 locus.

26 723 219 794 Neque
266 724 402 776 enim
439 725 712 795 quisquam
748 724 900 776 facile
935 727 1235 796 negaverit,
1282 726 1326 781 si
1362 728 1501 799 quod

27 828 376 889 praeceptum
410 818 478 871 sit
515 817 802 890 ejusmodi,
852 827 942 884 ut,
992 820 1081 872 ubi
1118 821 1358 875 universo
1409 823 1504 877 ho-

26 912 225 966 minum
283 911 469 982 generi
524 912 834 976 innotuerit,
884 930 944 966 se
1002 914 1174 985 ipsum
1226 914 1396 982 tollat,
1450 918 1506 971 id

27 1025 146 1059 esse
196 1026 227 1058 e
287 1024 504 1058 numero
570 1005 753 1076 legum
807 1005 1101 1061 ethiearum
1147 1009 1506 1078 eximendum3

28 1108 224 1164 restat,
271 1109 331 1154 ut
366 1098 666 1164 videamus,
727 1116 833 1171 quo
876 1099 1000 1171 jure
1040 1102 1197 1157 ullam
1241 1106 1506 1159 universa-

27 1194 130 1246 lem
164 1193 281 1245 fieri
323 1212 484 1265 posse
529 1202 757 1265 negent,
805 1212 871 1246 ex
908 1213 1011 1265 qua
1059 1196 1241 1250 fallere
1275 1217 1508 1270 unquam

29 1288 312 1342 honestum
361 1287 453 1352 sit,
500 1287 754 1357 regulam.
846 1288 1006 1348 Quod
1055 1291 1244 1362 partim
1288 1292 1390 1346 hac
1425 1313 1510 1347 ra-

27 1384 172 1437 tione
208 1380 490 1455 ostendere
527 1380 772 1452 aggressi
807 1391 957 1446 sunt,
1003 1392 1062 1437 ut
1094 1397 1367 1454 moneant,
1418 1407 1510 1442 ne-

27 1478 222 1530 minem
269 1477 336 1528 ab
389 1493 453 1527 eo
493 1473 624 1539 falli,
673 1492 830 1545 quem
876 1475 932 1528 id
968 1496 1132 1549 agere
1167 1481 1333 1546 sciat,
1393 1483 1508 1537 talis

26 1570 190 1642 igitur
227 1568 475 1640 regulae,
516 1568 562 1621 si
598 1568 838 1623 omnibus
877 1590 994 1625 sese
1030 1574 1358 1644 probaverit,
1395 1576 1507 1629 nul-

28 1664 134 1718 lum
191 1664 401 1717 omnino
471 1662 588 1715 fore
645 1680 826 1727 usum,
901 1674 1148 1720 cauturos
1212 1669 1350 1722 enim
1411 1670 1509 1723 sibi

29 1777 212 1812 omnes
281 1759 348 1812 ab
421 1756 659 1810 omnibus
724 1775 881 1827 quam
949 1758 1375 1830 diligentissime,
1441 1764 1511 1815 ibi

27 1872 153 1907 vero
207 1851 507 1923 diligentius
566 1850 751 1915 etiam,
818 1853 908 1904 ubi
968 1853 1106 1908 adsit
1167 1867 1260 1911 aut
1321 1857 1510 1911 adesse

27 1947 152 2019 ipsis
202 1945 440 1999 videatur
488 1943 649 2011 rati0,
705 1963 801 1996 cur
850 1946 996 2000 alteri
1045 1948 1381 2005 commodum
1427 1952 1509 2015 sii,

30 2051 90 2096 ut
127 2041 282 2094 fallat.
373 2037 533 2093 Unde
572 2037 918 2105 concludunt,
955 2043 1079 2095 nihil
1115 2042 1254 2096 aliud
1289 2043 1510 2114 relinqui

29 2137 121 2202 iis,
167 2135 255 2209 qui
292 2133 616 2189 simulatione
665 2142 824 2205 atque
861 2133 1268 2190 dissimulatione
1303 2137 1381 2190 uti
1424 2156 1509 2188 ve-

30 2230 150 2295 lint,
204 2247 358 2298 quam
410 2237 471 2281 ut
521 2226 629 2280 aliis
675 2226 1001 2299 persuadere
1040 2239 1324 2296 conentur,
1375 2230 1513 2282 hane

30 2323 270 2394 regulam
321 2341 491 2393 neque
540 2341 689 2375 suam
737 2340 855 2374 esse
914 2331 966 2375 et
1029 2342 1147 2377 esse
1204 2324 1314 2377 viro
1370 2325 1510 2377 bono

30 2417 187 2490 plane
231 2416 502 2488 indignam
528 2414 614 2486 p).
686 2414 891 2470 Partim
937 2435 1063 2470 vero
1115 2416 1183 2470 ad
1219 2417 1377 2472 talem
1423 2437 1509 2471 re-

31 2602 83 2658 p)
116 2602 235 2654 Jacq.
268 2601 524 2644 Bet-nard
567 2602 772 2644 Discours
803 2613 875 2642 sur
905 2601 946 2642 le
976 2614 1208 2655 mensonge
1251 2616 1288 2644 c.
1313 2606 1350 2644 1.
1383 2605 1504 2655 §162

92 2676 214 2717 Ceux
245 2677 316 2729 qui
347 2680 551 2730 poussent
584 2676 625 2716 la
653 2673 812 2717 charite
843 2676 878 2715 si
908 2675 1017 2726 loin,
1049 2675 1171 2728 qu'ils
1204 2683 1396 2730 croyent,
1429 2693 1512 2731 que

92 2750 134 2790 le
162 2762 393 2801 mensonge
424 2754 489 2790 est
518 2749 672 2803 permis
702 2761 754 2789 en
785 2750 878 2790 leur
908 2748 1079 2800 faveur,
1111 2749 1280 2793 doivent
1297 2763 1374 2805 par
1397 2759 1510 2791 cels-v,

93 2826 230 2866 meme
260 2824 418 2866 charit-1³,
450 2836 716 2865 commencer
747 2838 823 2879 par
846 2825 1001 2866 mentir
1027 2838 1079 2867 en
1109 2830 1356 2878 soutenant,
1389 2826 1512 2878 φήμη·

92 2909 146 2937 ne
170 2904 344 2950 eroyent
377 2899 508 2952 point,
539 2911 622 2952 que
654 2899 693 2940 le
725 2911 955 2951 mensonge
987 2899 1069 2940 snit
1102 2900 1269 2953 permis.
1333 2899 1417 2940 Car
1436 2899 1512 2939 des

1045 2982 1078 3030 5
1119 2981 1137 3003 ⁴1
