1698 3084
704 62 1091 118 —62-

161 207 260 259 bus
300 203 414 258 talis
454 200 706 257 reddatur
744 202 880 256 actio
921 202 1120 274 aliqua,
1169 203 1374 258 ethicae
1409 206 1647 277 regulae,

158 300 296 353 hanc
334 317 491 351 unam
531 298 680 351 nobis
716 308 899 370 patere
940 296 1007 350 ad
1045 298 1344 353 solvendam
1385 301 1650 369 quaestio-

157 413 280 449 nem
317 400 550 446 nostram
585 393 750 458 viam,
793 404 851 447 ut
889 392 1192 455 videamus,
1237 411 1361 448 num
1400 394 1526 463 quid
1563 406 1655 450 aut

158 488 372 542 allatum
408 487 475 542 sit
512 496 603 542 aut
641 487 818 540 afferri
851 496 1044 559 queat,
1079 505 1174 539 cur
1211 489 1377 559 turpis
1415 490 1481 543 sit
1506 508 1651 542 men-

157 582 324 637 tiendi
362 583 535 647 nesse,
573 581 720 653 quod
758 584 799 636 si
836 601 991 636 secus
1028 583 1344 647 inveniatur,
1395 601 1512 638 eam
1549 583 1652 637 hoc

95 671 102 680 ”
154 678 271 749 ipso
307 675 527 747 intelligi
579 695 697 730 esse
749 675 922 730 ethice
958 676 1298 731 indefinitam.
1334 707 1404 716 -
1463 677 1526 731 In
1563 697 1651 732 ex-

151 771 413 844 ponendis
462 781 639 827 autem
677 779 840 840 atque
875 770 1260 837 examinandis,
1297 788 1651 844 quaecunque

154 876 279 922 sunt
315 868 382 920 ab
441 866 551 920 aliis
602 866 853 922 adversus
890 865 1224 920 mendacium
1265 866 1446 934 allata,
1500 867 1652 922 simul

152 961 207 1015 in
243 972 426 1016 nostra
478 962 831 1035 qualicunque
881 962 1023 1015 circa
1058 961 1196 1015 hane
1232 980 1347 1016 rem
1391 964 1652 1031 sententia

154 1055 422 1112 tradenda
471 1076 592 1111 eum
647 1075 858 1111 cursum
896 1055 948 1109 in
986 1056 1158 1109 animo
1198 1065 1280 1123 est
1324 1065 1544 1122 tenere,
1595 1067 1655 1113 ut

154 1153 382 1226 primum
442 1151 514 1206 de
570 1150 797 1205 sallendo
850 1149 1147 1217 videamuS‚
1204 1150 1397 1219 ecquid
1457 1150 1538 1204 vel
1584 1153 1653 1205 ab

152 1248 263 1315 aiiis
303 1257 489 1322 petere
523 1246 605 1300 vel
637 1246 736 1319 ipsi
773 1246 1005 1299 invenire
1042 1246 1332 1319 possimUS‚
1384 1264 1481 1300 cur
1515 1246 1650 1317 legi-

151 1343 254 1397 bus
322 1341 682 1396 conscientiae
741 1342 1042 1394 necessario
1095 1348 1390 1413 repugnet,
1457 1339 1652 1395 deinde

150 1455 277 1491 vere
327 1468 398 1476 —-
448 1437 557 1490 sive
615 1452 713 1507 per
749 1454 808 1488 se
844 1444 1002 1506 turpe
1050 1432 1442 1506 deprehensum
1493 1435 1654 1498 fuerit

149 1529 429 1587 simulandi
499 1539 661 1602 atque
733 1527 1093 1583 dissimulandi
1152 1528 1465 1596 artificium,
1508 1530 1652 1584 ¹sive

151 1627 328 1682 ethice
351 1625 772 1692 indefinitum-2—
800 1624 871 1679 ad
897 1643 1012 1678 eam
1031 1623 1394 1693 quaestionem
1428 1643 1647 1679 conver-
1697 1676 1698 1703 3

147 1734 321 1781 tamur
358 1719 798 1777 considerandam
817 1762 834 1788 ,
884 1738 1116 1791 numqua
1150 1718 1312 1774 lateat
1352 1720 1406 1773 in
1456 1721 1647 1776 ceteris
1697 1731 1698 1784 ζ

150 1816 418 1873 mendacii
466 1818 602 1873 notis
643 1817 806 1883 rath),
864 1833 959 1869 cm·
997 1813 1066 1867 de
1105 1813 1217 1888 ejus
1254 1813 1334 1868 vel
1371 1813 1651 1870 honestate

148 1914 230 1968 vel
265 1911 590 1985 turpitudine
627 1911 770 1967 aliud
805 1911 871 1966 sit
879 1908 1143 1983 judicium
1168 1908 1463 1977 serendum,
1489 1930 1650 1983 quam
1697 1949 1698 1953 ,

149 2008 220 2064 de
251 2008 478 2062 fallendo
511 2008 566 2062 in
600 2009 914 2061 universum.
990 2004 1159 2059 Sicuti
1197 2005 1364 2071 enim,
1418 2005 1462 2060 si
1497 2005 1647 2060 inde·

148 2105 299 2160 finita
355 2105 568 2159 inventa
619 2102 776 2156 suerit
814 2099 1023 2154 saliendi
1077 2100 1249 2168 noti0‚
1309 2099 1425 2153 fieri
1470 2110 1646 2156 tamen

146 2200 372 2274 poterit,
432 2209 493 2255 ut
529 2198 683 2271 hujus
721 2197 936 2268 generis
979 2196 1188 2268 species
1227 2193 1399 2266 aliqua
1447 2214 1546 2267 per
1585 2216 1644 2251 se

146 2296 313 2369 turpis
372 2315 491 2349 esse
540 2292 892 2364 intelligatur,
940 2291 1039 2357 ita,
1095 2291 1139 2345 si
1190 2289 1415 2344 fallendo
1462 2291 1642 2346 violari

145 2391 483 2447 statuerimus
521 2388 786 2453 officium,
840 2387 1002 2458 igitur
1039 2395 1093 2441 et
1126 2385 1460 2452 mentiendo,
1521 2406 1641 2442 esse
1697 2404 1698 2464 ζ

144 2495 320 2541 tamen
371 2485 440 2539 de
493 2486 598 2540 hoc
655 2483 926 2556 speciatim
977 2480 1248 2554 agendum
1298 2482 1635 2538 manifestum
1697 2555 1698 2563 ἵ

144 2590 255 2647 est,
287 2601 354 2636 ne
392 2582 530 2637 sorte
587 2600 651 2633 eo
690 2588 893 2634 tantum
942 2586 1189 2650 respectu
1230 2577 1636 2650 improbandum
1697 2565 1698 2588 ³

143 2693 262 2729 esse
292 2678 441 2731 nobis
479 2675 919 2749 persuadeamus,
970 2672 1112 2744 quod
1150 2672 1357 2726 fallendi
1392 2673 1460 2726 sit
1509 2692 1631 2745 spe-

144 2769 281 2837 cie5‚
347 2790 508 2841 quum
570 2781 745 2826 tamen
790 2772 858 2822 ob
911 2768 1009 2821 alia
1061 2768 1216 2821 etiam
1269 2766 1367 2820 sibi
1419 2766 1635 2841 propria

142 2865 352 2937 propria
397 2869 620 2922 tbrtasse
660 2875 925 2937 prematur
964 2861 1300 2936 turpitudine.
