1719 3084
696 70 1085 125 ...18-

146 235 306 289 posse
343 234 372 268 e
411 231 630 266 numero
671 230 883 276 eornm,
945 228 1082 282 quae
1118 208 1451 267 mendacium
1506 227 1633 263 cons
1715 235 1719 280 ,

152 311 397 375 stituant,
437 308 643 362 excludi
682 307 891 363 fallendi
930 304 1261 359 voluntatem.
1299 336 1369 344 --
1716 287 1719 313 ’

816 495 977 569 §a

292 643 355 696 In
428 635 872 708 descriptionibus
938 636 1239 707 praemissis
1308 635 1644 688 mentientem

155 736 330 792 verbis
385 734 463 787 uti
516 729 769 792 secimuS,
818 728 930 801 jam
987 748 1120 800 opus
1185 729 1283 783 erit
1341 737 1644 798 quaeratur,

153 838 332 884 utrum
385 827 489 879 hoc
527 823 595 876 sit
642 822 694 875 in
732 820 1010 875 mendacio
1062 822 1364 887 essentiale,
1423 841 1490 875 an
1540 820 1648 874 aliis

155 940 369 995 quoque
405 919 594 990 signiS,
646 916 770 989 quin
817 917 1057 970 omnibus
1092 917 1410 988 promiscue,
1445 914 1651 970 mentiri

158 1015 367 1088 possint
407 1011 660 1066 homines.
732 1010 807 1063 Et
843 1009 1006 1064 facilis
1053 1011 1263 1083 quidem
1299 1011 1463 1065 videri
1499 1019 1650 1082 pote-

158 1111 227 1163 rit
265 1108 436 1180 primo
475 1105 735 1177 adspectu
770 1107 1066 1177 responsio,
1143 1107 1282 1160 Satis
1319 1105 1481 1160 multa
1514 1105 1650 1158 enim

163 1204 393 1277 praebet
439 1219 611 1255 sermo
655 1200 988 1272 quotidianus
1039 1201 1303 1273 exempla,
1353 1201 1470 1265 ubi,
1518 1218 1654 1271 quae

162 1297 335 1353 verbis
385 1297 545 1362 fiant,
594 1295 883 1350 mendaciis
938 1306 1349 1351 annumerentur
1404 1295 1655 1360 fallaciae,

165 1411 303 1465 quae
351 1389 460 1444 aliis
498 1389 695 1461 signis,
732 1409 839 1443 non
887 1391 1028 1444 item.
1102 1389 1261 1444 Unde
1311 1390 1508 1444 faetum
1559 1400 1656 1454 est,

164 1495 225 1540 ut
264 1503 478 1549 eorum,
536 1485 625 1556 qui
677 1483 745 1537 de
792 1483 1073 1538 mendacio
1123 1485 1472 1558 scripserunt,
1529 1502 1659 1535 non-

168 1577 325 1644 nulli,
366 1596 545 1631 veram
583 1599 699 1634 esse
752 1580 805 1634 in
839 1579 925 1633 illa
964 1581 1238 1651 signorum
1276 1578 1526 1633 divisione
1561 1597 1658 1650 po-

172 1673 401 1727 nendam
437 1675 718 1727 statuerint
752 1672 1086 1727 mendacium
1122 1695 1153 1728 a
1190 1675 1410 1729 caeteris
1447 1674 1661 1730 fallaciis

175 1766 534 1839 distinguendi
600 1769 860 1821 rationem
887 1768 980 1840 q),
1051 1770 1164 1835 alii,
1239 1771 1426 1843 quibus
1488 1771 1658 1824 minus

176 1883 294 1920 sese
347 1861 742 1917 commendaret
782 1882 847 1915 ea
897 1866 1183 1931 sententia,
1226 1865 1433 1919 disertis
1487 1875 1661 1920 tamen

177 1958 349 2014 verbis
393 1956 743 2031 adjiciendum
781 1959 1104 2029 putaverint,
1154 1960 1245 2013 ubi
1282 1959 1350 2013 de
1385 1960 1663 2014 mendacio

180 2074 287 2108 non
330 2055 608 2107 verborum
647 2052 742 2106 sed
778 2053 994 2108 aliarum
1030 2065 1363 2109 externarum
1403 2057 1667 2110 actionum

183 2148 402 2220 intelligi
453 2147 670 2212 vellent,
732 2147 892 2220 idque
944 2149 1019 2202 ita
1070 2148 1283 2202 demum
1332 2149 1467 2204 inter
1520 2170 1665 2204 men—

186 2243 338 2297 dacia
401 2241 738 2297 referendum
798 2241 1100 2307 docuerint,
1163 2244 1204 2297 si
1269 2264 1425 2298 sensu
1484 2245 1669 2300 latiore

194 2486 244 2543 q)
278 2487 343 2527 lta
373 2486 542 2540 Hugo
577 2486 821 2526 Grotius
854 2486 906 2526 de
939 2488 1044 2527 Jure
1080 2486 1178 2528 belli
1211 2501 1259 2529 ac
1289 2489 1406 2542 pacis
1448 2488 1667 2542 (Francos.

257 2565 385 2602 1691.
419 2561 484 2616 4.)
539 2563 564 2603 1.
591 2561 660 2602 ΙΙΙ.
709 2566 801 2603 c.l.
845 2565 931 2614 §3-
1021 2563 1236 2619 Lampe
1287 2566 1328 2607 in
1376 2564 1668 2605 Delineatione

253 2635 496 2689 theologiae
528 2640 691 2679 activae
738 2638 950 2692 (Tra-icet.
981 2643 1109 2681 1727.
1142 2642 1207 2695 4.)
1253 2643 1277 2682 Ι.
1299 2641 1352 2683 11.
1395 2655 1431 2682 c.
1459 2644 1500 2681 8.
1544 2642 1668 2691 §212

255 2712 560 2754 “mendacium
590 2715 1055 2769 m—-comprehendit
1071 2718 1268 2773 quicquid
1300 2731 1323 2757 a
1356 2718 1500 2770 lingua
1529 2720 1674 2757 contra

253 2792 438 2829 mentem
471 2790 708 2842 profertur,
747 2792 836 2832 sive
883 2793 1022 2834 omnia
1060 2794 1212 2845 verba,
1257 2793 1408 2848 quibus
1439 2792 1677 2849 proximum

253 2862 294 2903 in
340 2876 526 2907 errorem
572 2865 770 2907 inducere
815 2867 1149 2911 contendimus.”
