1719 3084
812 102 834 115 fl

616 102 1001 153 mss...

54 246 319 318 possitne,
377 243 609 317 quamvis
665 253 822 316 turpe
876 243 941 296 sit
986 238 1348 307 mendacium,
1397 243 1536 296 acci-

53 339 212 406 dere,
281 338 373 393 ubi
427 340 588 394 officii
663 339 827 394 nostri
898 337 989 399 sit,
1053 345 1111 388 ut
1176 335 1531 390 mentiamm·.”

55 431 412 506 Responde0‚
449 434 594 507 quod
628 435 765 489 hanc
800 431 1160 505 quaestionem
1190 429 1535 500 neglexerunt

57 528 140 581 alii
174 547 385 595 eorum,
426 531 514 600 qui
549 528 792 583 nonnulla
827 524 1101 580 mendacia
1137 522 1358 577 honesta
1387 521 1529 596 judi·-

54 631 203 686 cant,
258 623 341 674 alii
379 641 510 676 cane
545 623 693 696 pejus
746 632 800 678 et
835 639 1012 693 angue
1048 615 1310 672 vitandam
1359 618 1524 671 omni-

49 734 156 786 que
201 714 363 768 modo
407 737 439 769 a
475 737 534 770 se
571 717 943 771 removendam
988 720 1266 788 putarunt,
1326 710 1379 764 id
1416 729 1523 764 non

45 808 332 880 impedire,
381 811 656 882 quominus
696 810 766 864 ad
813 829 929 863 eam
963 816 1318 872 revertamur,
1367 806 1410 860 si
1444 806 1523 859 in<

45 901 422 969 tellexerhnUS‚
460 913 514 959 et
545 906 623 957 rei
658 914 900 959 naturam
938 903 992 956 id
1030 903 1199 966 serre,
1235 910 1288 956 et
1316 900 1520 954 illorum

41 997 214 1051 irritos
257 998 419 1051 fuisse
462 995 685 1051 labores.
759 997 823 1051 Id
862 1006 1039 1051 autem
1086 1005 1145 1050 ut
1183 994 1516 1065 intelligatur,

41 1108 176 1159 opus
227 1089 326 1144 erit
369 1100 748 1158 monstremu5‚
799 1091 1108 1162 quibusnam
1156 1088 1264 1140 aliis
1303 1089 1518 1140 rationi-

36 1185 163 1251 bus,
212 1185 572 1256 quaestionem
616 1194 849 1241 nostram
888 1183 1175 1249 eludenteS,
1217 1182 1513 1239 doctrinam

33 1277 104 1332 de
163 1279 441 1334 mendacio
501 1280 675 1335 ethice
737 1278 1064 1334 aestimando
1122 1278 1197 1331 ita
1244 1277 1518 1331 absolvere

35 1374 210 1428 conati
272 1374 405 1441 sint,
451 1383 512 1428 ut
567 1383 621 1428 et
671 1374 917 1427 nonnulla
964 1371 1241 1426 mendacia
1288 1372 1509 1425 honesta.

30 1487 148 1522 esse
205 1466 486 1535 docerent,
546 1478 600 1523 et
647 1468 979 1521 mendacium
1025 1476 1200 1520 tamen
1249 1475 1511 1538 negarent

29 1581 147 1615 esse
186 1562 358 1616 ethice
405 1561 745 1617 indefinitum.
829 1562 1064 1615 Primum
1114 1561 1289 1614 locum
1325 1570 1508 1616 tenent

30 1673 241 1719 eorum,
303 1674 434 1727 quos
487 1655 598 1729 jam
664 1676 825 1729 supra
876 1655 1397 1710 commemoravimus
1428 1655 1508 1727 c),

27 1747 310 1801 definiendi
356 1750 611 1816 rationes,
665 1771 729 1804 ex
777 1751 964 1824 quibus
1017 1748 1363 1821 falsiloquium
1405 1768 1506 1821 ge«

25 1861 125 1896 nus
176 1843 484 1911 constituat,
540 1845 688 1916 cuius
736 1846 899 1901 altera
936 1845 1144 1917 species
1179 1845 1403 1900 honesta
1440 1847 1506 1901 sit

24 1945 117 1990 aut
170 1936 336 2003 licita,
399 1937 562 1992 altera
614 1939 798 2010 turpis.
888 1939 989 1994 Est
1023 1956 1177 2006 {vero
1215 1937 1288 1991 ibi
1348 1938 1504 1992 etiam

19 2040 393 2099 monstratum,
428 2033 534 2087 hoc
569 2034 729 2088 modo
766 2054 870 2088 non
906 2033 1003 2087 nisi
1038 2032 1248 2086 nomine
1283 2051 1346 2085 ac
1383 2051 1503 2104 spe==

23 2124 105 2177 cie
160 2126 310 2181 vitari
367 2130 728 2199 quaestionem
784 2138 1045 2193 nostram,
1095 2126 1292 2197 quippe
1339 2142 1500 2195 quum

29 2236 213 2271 eorum
250 2217 599 2293 falsiloquium
634 2224 852 2278 aliorum
889 2224 954 2276 sit
988 2219 1350 2283 mendacium,
1389 2218 1502 2292 ejus

25 2320 204 2365 autem
242 2312 296 2364 in
342 2313 474 2368 duas
523 2318 754 2389 species,
794 2316 997 2375 ¹licitam
1045 2325 1204 2388 atque
1256 2313 1498 2378 illicitam,

24 2404 288 2459 dividendi
338 2406 628 2463 institutum
679 2411 858 2464 labare
897 2408 1116 2474 debeat,
1163 2407 1334 2460 donec
1374 2426 1498 2459 cona

21 2510 153 2568 stet,
221 2502 394 2574 ipsum
472 2520 644 2573 genus
723 2522 841 2558 esse
912 2502 1082 2556 ethice
1154 2501 1499 2568 indefinitum,

80 2749 192 2798 tres,
222 2745 336 2788 vient
366 2744 422 2787 de
452 2756 527 2796 ce,
568 2742 695 2798 qu’on
725 2739 976 2798 philosophe
1006 2753 1079 2784 sur
1118 2741 1159 2783 la
1193 2738 1394 2784 Moralite
1425 2738 1500 2780 des

80 2820 256 2863 Actions
295 2819 532 2864 Humaines
578 2829 678 2862 sans
746 2830 828 2860 une
870 2817 989 2871 tegla
1030 2816 1130 2860 sure
1171 2820 1215 2858 et
1253 2814 1497 2862 invariable‚

26 2904 69 2950 ε)
104 2901 273 2946 Csralur
305 2905 328 2956 ἕ
354 2907 396 2946 5.
