1719 3084
668 79 736 91 .-
842 52 878 105 8
982 82 1055 91 „-

116 191 242 248 dum
300 193 502 260 vivere3
567 191 869 259 mendacia,
927 194 1083 248 sicuti
1132 193 1392 267 quotidie,
1453 194 1596 267 quod

117 303 244 340 sane
291 285 575 342 dolendum
631 298 740 353 est,
796 288 1207 354 committantur,
1261 290 1333 344 ita
1388 307 1601 361 quoque

116 380 275 452 vulgo
323 383 737 451 commemorari.
808 382 942 437 Inde
991 383 1128 436 enim
1165 384 1428 455 sequitur,
1477 402 1601 456 per-

119 493 369 546 magnam
416 496 534 532 esse
584 476 783 530 debere
829 478 1083 532 sermonis
1120 476 1404 549 quotidiani
1444 486 1605 549 atque

120 568 350 641 vulgaris
384 572 438 624 in
470 572 574 626 hae
605 573 818 626 notione
854 571 1222 627 constituenda
1253 573 1605 638 autoritatem,

124 682 379 737 eumque,
434 666 527 720 ubi
581 666 705 720 satis
755 667 853 720 sibi
903 674 1109 721 constet
1161 675 1320 738 atque
1373 666 1606 730 relativa,

124 766 182 812 ut
215 759 288 813 ita
325 758 530 826 dicam,
575 759 963 816 universalitate
1000 759 1268 833 gaudeat,
1308 760 1611 833 argumenti

124 850 226 905 tim
262 852 490 920 habere,
537 856 628 908 ubi
676 856 727 908 in
766 855 997 911 diversas
1034 866 1215 928 partes
1253 858 1439 922 abeat,
1489 871 1611 928 par-

125 946 217 999 tim
275 957 483 1004 nostros
555 948 763 1005 labores
818 968 1043 1023 poscere
1105 950 1173 1004 ad
1229 949 1613 1015 inveniendum,

125 1039 253 1112 quid
315 1042 385 1097 sit
439 1044 493 1097 in
543 1043 705 1116 ipsius
756 1046 979 1101 notionis
1031 1056 1248 1110 natura,
1298 1044 1443 1117 quod
1492 1044 1615 1098 huie

127 1136 458 1207 ambiguitati
496 1138 670 1193 locum
709 1139 933 1206 dederit,
970 1141 1161 1214 partim
1200 1159 1383 1193 earum
1427 1138 1616 1194 defini-

129 1230 359 1298 tionum,
416 1251 481 1288 ex
530 1235 719 1306 quibus
766 1235 871 1289 hoe
923 1235 1170 1308 explicari
1220 1243 1478 1307 nequeat,
1533 1251 1617 1288 ar-

129 1344 299 1396 guere
345 1327 643 1383 vanitatem.

271 1421 511 1478 Diximus
550 1443 668 1478 esse
703 1422 898 1496 agendi
933 1426 1192 1490 rationes,
1228 1443 1401 1496 quae,
1439 1443 1622 1496 quam-

129 1514 202 1568 vis
253 1515 494 1571 diversae
530 1519 630 1573 sint
666 1519 937 1572 hominum
984 1519 1054 1573 de
1101 1519 1317 1575 notione
1362 1519 1623 1574 mendacii

131 1609 209 1662 vel
253 1612 545 1667 sententiae
591 1613 671 1667 vel
712 1615 1011 1686 opiniones,
1061 1615 1130 1667 ab
1168 1616 1408 1669 omnibus
1444 1623 1624 1669 tamen

130 1704 408 1760 mendacia
474 1707 795 1781 judicentur.
904 1709 1108 1763 Earum
1153 1710 1267 1783 jam
1328 1729 1461 1783 opus
1524 1709 1624 1765 erit

134 1800 310 1854 afferri
389 1801 801 1875 descriptiones,
873 1813 961 1869 ut,
1030 1805 1337 1860 examinatis
1403 1805 1622 1876 singulis

135 1912 316 1950 earum
353 1897 518 1963 notis,
569 1917 827 1970 quaenam
882 1910 1145 1970 nequeant
1195 1909 1440 1954 manente
1478 1918 1623 1954 men-

136 1987 288 2043 dacio
323 1991 456 2058 tolli,
506 1992 869 2065 intelligamus,
946 1995 1083 2049 Sunt
1132 2008 1309 2050 autem
1349 1994 1487 2049 duae
1519 2014 1623 2056 ,ea-

135 2105 251 2139 rum
290 2087 513 2143 classes:
555 2088 701 2160 prior
737 2107 919 2142 eorum
964 2090 1333 2162 complectitur
1371 2090 1625 2156 actioneS‚

136 2182 223 2253 qui
274 2184 443 2237 verbis
499 2183 608 2237 sive
661 2201 756 2237 ore
810 2184 1026 2256 prolatis
1084 2185 1192 2239 sive
1248 2185 1429 2240 litteris
1497 2204 1624 2239 eon-

136 2277 353 2348 signatis
405 2279 587 2344 aliam,
639 2297 797 2350 quam
845 2298 983 2351 quae
1034 2297 1218 2332 revera
1254 2280 1489 2352 ipsorum
1527 2288 1624 2345 est,

135 2373 530 2444 persuasionem
568 2374 672 2427 hoe
709 2373 921 2428 consilio
960 2375 1257 2440 enuntiant,
1306 2384 1365 2430 ut
1405 2375 1489 2429 alii
1530 2374 1626 2427 sal-

138 2487 247 2520 sam
302 2471 612 2524 sententiam
663 2470 913 2542 arripiant
960 2471 1056 2524 sibi
1109 2470 1492 2542 perniciosam3
1555 2466 1623 2521 ad

135 2564 482 2633 posteriorem
520 2566 769 2638 pertinet,
809 2566 850 2619 si
889 2566 1031 2638 quis,
1081 2565 1234 2638 plane
1271 2563 1458 2618 eadem
1495 2580 1622 2616 usus

134 2657 185 2709 in
236 2658 344 2711 aliis
396 2660 631 2715 fallendis
679 2661 912 2726 ratione,
973 2660 1075 2714 hae
1121 2679 1181 2713 re
1224 2676 1415 2712 vanam
1472 2675 1623 2709 suam

134 2762 348 2808 venatus
383 2755 538 2810 suerit
570 2756 950 2828 gloriolan1.--
973 2755 1139 2808 Plura
1167 2753 1410 2826 equidem
1446 2750 1623 2806 afferri

132 2857 410 2918 poterunt,
452 2869 588 2923 quae
637 2870 845 2924 semper
893 2861 944 2905 et
993 2851 1156 2905 ubivis
1209 2846 1485 2906 mendacia
1530 2863 1623 2900 au-
