1698 3084
596 118 987 169 *85*

54 255 435 311 universalitate
471 258 771 312 necessario
823 256 1062 311 destitui:
1126 254 1276 308 nobis
1316 253 1528 322 quidem

47 350 169 403 nihil
215 349 418 404 videtur
464 353 711 421 relinqui,
762 351 857 404 nisi
904 359 987 415 ut,
1044 347 1216 402 donec
1250 366 1416 401 novae
1453 346 1524 399 al-

44 442 182 497 latae
221 442 413 498 fuerint
466 445 643 516 (quod
680 446 762 500 vix
800 442 915 496 fieri
949 461 1108 513 posse
1142 438 1378 510 videtur)
1415 459 1526 492 ma-

43 536 128 607 gis
155 535 380 590 idoneae
417 541 675 605 rationes,
715 534 856 591 unde
893 534 1037 588 notio
1076 534 1527 605 iallendi·legibus

41 629 395 682 conscientiae
446 651 752 705 repugnare
799 620 1160 698 intelligatur,
1213 638 1523 693 statuamus,

42 740 160 775 eam
197 742 316 775 esse
355 723 526 778 ethice
560 724 900 788 indefinitam,
935 721 1004 775 de
1042 722 1190 794 eujus
1226 723 1390 794 igitur
1425 723 1527 775 sin-

44 816 182 887 gulis
220 818 466 889 exemplis
502 819 676 873 ethice
715 816 1050 872 aestimandis
1101 817 1168 870 sit
1201 816 1351 870 nobis
1381 816 1530 869 insti-

46 909 244 965 tuenda
281 912 532 983 quaestio.
604 912 795 983 Neque
831 919 911 964 est
949 911 1112 975 enim,
1148 918 1207 963 ut
1243 927 1402 981 supra
1419 927 1531 962 mo-

47 1006 281 1070 nuimus,
336 1003 734 1076 postulandum,
791 1022 963 1073 neque
1014 1011 1216 1075 potest,
1264 1004 1362 1056 nisi
1408 1021 1533 1073 pro-

46 1109 164 1170 pter
199 1118 456 1152 summam
488 1116 666 1152 rerum
706 1095 997 1150 ethicarum
1030 1097 1314 1163 inscitiam,
1349 1106 1532 1166 postu-

47 1194 173 1258 lari,
213 1201 273 1248 ut
307 1193 456 1264 leges
495 1193 811 1256 afferantur,
848 1209 985 1262 quae
1010 1189 1276 1243 notionem
1309 1189 1534 1261 aliquam

48 1287 222 1341 ethice
258 1286 580 1340 indefinitam
619 1285 874 1350 reddant,
914 1285 1108 1355 quippe
1143 1304 1279 1355 quae
1317 1303 1380 1336 ea
1422 1284 1535 1355 ipsa

49 1400 108 1434 re
144 1380 414 1434 indefinita
451 1399 568 1433 esse
605 1379 950 1449 intelligatur,
989 1380 1031 1430 si
1067 1377 1304 1432 absolute
1341 1396 1405 1429 ac
1439 1393 1537 1448 per

48 1494 107 1529 se
145 1483 384 1546 spectata
420 1473 612 1526 nullum
648 1473 841 1528 habeat
889 1472 1244 1525 necessarium
1293 1490 1413 1525 cum
1462 1471 1536 1523 le-

47 1569 205 1640 gibus
285 1576 376 1622 aut
437 1567 746 1639 jubentibus
816 1575 908 1621 aut
965 1565 1257 1621 vetantibus
1324 1583 1532 1617 nexum.

47 1663 313 1724 Quoniam
361 1679 484 1714 vero
548 1659 944 1733 liquidissimum
994 1661 1255 1732 praebere
1320 1658 1539 1713 debebit

49 1776 147 1829 pro
202 1755 462 1810 sententia
525 1763 706 1808 nostra
765 1762 1167 1825 argumentum,
1239 1754 1283 1808 si
1329 1754 1539 1806 inventa

51 1852 245 1905 suerint
297 1859 457 1921 atque
503 1848 556 1902 in
606 1847 837 1903 medium
886 1848 1086 1921 prolata
1141 1846 1398 1922 ejusmodi
1444 1847 1537 1900 sal-

51 1945 192 1999 lendi
241 1944 507 2015 exempla,
561 1963 698 2015 quae
731 1944 955 2015 turpiter
991 1943 1141 1996 factis
1198 1962 1351 1996 nemo
1403 1943 1539 1994 ausit

51 2056 427 2102 annumerare,
465 2037 620 2093 liceat
656 2038 708 2090 in
743 2038 1049 2092 memoriam
1086 2055 1369 2101 revocare,
1406 2054 1537 2106 quas

50 2133 210 2188 modo
259 2133 808 2198 commemoravimus,
877 2132 1105 2185 sailacias
1155 2132 1208 2185 in
1268 2129 1536 2202 capiendis

53 2238 210 2300 atque
259 2226 734 2280 mansuefaciendis
789 2227 1092 2280 animalibus
1129 2225 1253 2280 satis
1291 2224 1539 2292 frequen*

54 2335 135 2378 ter
172 2321 366 2374 obvias.
439 2320 598 2373 Unde
645 2321 687 2374 si
724 2322 836 2392 quis
874 2321 947 2374 ita
998 2340 1056 2373 se
1108 2318 1328 2373 voluerit
1382 2316 1538 2370 extri«

53 2437 204 2482 care,
245 2425 303 2469 ut
337 2426 531 2485 neget,
568 2416 675 2467 veri
712 2414 931 2467 nominis
973 2432 1091 2467 esse
1124 2412 1542 2482 fallacias,quae

57 2533 160 2566 non
211 2518 483 2563 versentur
529 2510 580 2561 in
629 2509 945 2562 commercio
998 2507 1193 2560 entium
1255 2506 1537 2560 rationabi<

54 2607 206 2671 lium,
282 2623 387 2656 non
447 2603 732 2657 admodum
803 2603 1221 2673 refragabimur,
1294 2600 1538 2673 quoniam

60 2702 215 2774 paulo
276 2699 422 2753 altius
474 2715 586 2748 ren]
636 2695 933 2768 ropetituris
984 2715 1051 2748 ne
1096 2696 1148 2747 in
1195 2695 1293 2750 isto
1333 2693 1544 2766 quidem

70 2795 383 2849 commercio
425 2793 560 2845 {inite
610 2801 767 2862 atque
805 2793 1024 2845 honeste
1065 2789 1271 2842 [aliendi
1309 2786 1547 2857 exempla

67 2898 315 2961 poterunt
377 2885 578 2941 deesse.
679 2887 1005 2939 Observa-tur
1072 2885 1233 2954 igitur
1294 2883 1546 2934 volumus,
