1719 3084
583 54 969 107 -3Ῑ......

31 207 189 267 atque
236 194 698 268 significationem,
752 193 923 247 eidem
959 212 1055 266 pro
1091 195 1281 267 lubun,
1329 203 1503 262 insciis

30 293 343 360 quibuscum
378 289 634 357 loquariS,
676 287 973 354 adscribas,
1014 300 1067 344 et
1094 291 1166 345 ita
1198 296 1505 369 ambiguum

30 384 251 449 reddas,
293 381 435 452 quod
479 381 624 435 aliter
643 399 901 449 nequeas,
928 382 1235 455 ‹lic-tumf).
1278 390 1505 450 Quando

34 486 208 530 autem
255 477 326 529 ita
363 475 673 530 adhibeatur
706 477 1090 531 restrictionum
1127 497 1346 549 nornen,
1399 505 1505 540 non

30 571 203 640 magis
241 588 338 641 per
373 589 461 623 eas
499 589 678 623 verum
715 569 834 636 dici,
875 587 1032 639 quam
1061 590 1158 644 per
1193 577 1506 645 aequivoca-

32 665 231 729 tioneS,
281 681 503 733 quarum
554 663 964 717 artificiosiorem
1000 666 1263 733 quandam
1315 675 1506 728 consti-

35 767 186 811 tuant
222 757 480 826 speciem,
520 755 672 808 facile
707 756 1024 826 intelligetur
1061 777 1125 811 ex
1151 762 1311 817 modo
1341 765 1508 824 dictis.

36 848 99 905 In
138 848 332 902 deliciis
367 859 445 903 est
480 851 697 903 istarum
734 851 924 903 artium
953 853 1184 922 patronis
1222 857 1302 909 vel
1333 862 1511 930 aequi·-

37 943 324 997 vocationis
361 942 440 995 vel
471 942 810 996 restrictionis
850 946 1166 1017 exemplum,
1204 949 1246 1000 si
1286 953 1399 1019 quis
1433 955 1511 1007 in-

39 1043 374 1107 terrogatuS,
423 1035 556 1088 sitne
603 1035 774 1088 Titius
827 1037 995 1104 domi,
1054 1042 1375 1110 respondeat
1408 1065 1515 1102 non

36 1148 190 1194 esse,
263 1129 585 1199 restringens
645 1128 715 1181 ad
771 1131 1082 1186 comedendi
1142 1152 1352 1191 sensum
1411 1140 1516 1194 hoc

35 1222 254 1276 verbum
299 1222 331 1274 i.
369 1240 414 1274 e.
444 1222 766 1293 inteiligen5‚
825 1225 968 1294 quod
1004 1227 1097 1294 sit,
1139 1238 1198 1284 ut
1231 1242 1386 1288 acute
1421 1237 1517 1289 ob<

38 1326 274 1383 servant,
326 1316 675 1381 verissimum,
733 1334 838 1371 non
890 1322 1199 1388 comedere,
1249 1323 1319 1378 de
1367 1329 1516 1401 cujus

38 1408 338 1485 praesentia
383 1409 448 1463 sit
493 1410 847 1480 interrogatus
874 1414 967 1485 g).
1058 1416 1178 1477 Quo
1226 1419 1404 1472 nescio
1451 1441 1519 1476 an

39 1505 165 1560 nihil
201 1503 424 1574 cogitari
460 1506 623 1577 possit
659 1507 826 1578 aptius
865 1506 934 1559 ad
968 1510 1378 1579 monstrandum,
1412 1534 1519 1570 non

41 1621 168 1657 vera
217 1598 313 1654 sed
349 1597 479 1652 falsa
529 1599 734 1664 dicere,
788 1601 877 1669 qui
927 1601 1029 1654 hac
1076 1603 1280 1658 ratione
1325 1607 1514 1681 fallant·

42 1695 125 1751 Ad
160 1692 540 1747 reservationes
587 1703 792 1757 autem,
839 1711 969 1762 quas
1012 1705 1227 1762 vocant,
1268 1702 1520 1758 mentales

42 1790 126 1843 vix
163 1806 295 1859 opus
317 1794 412 1851 est,
449 1796 506 1840 ut
538 1786 904 1857 respiciamus:
941 1789 1055 1858 quis
1091 1790 1226 1843 enim
1262 1792 1399 1846 bene
1435 1815 1519 1849 sa-

41 1903 139 1937 nus
188 1902 311 1936 eum
357 1900 482 1935 vera
531 1880 710 1933 dicere
767 1884 1115 1950 concesserit,
1164 1905 1197 1938 a
1234 1905 1339 1956 quo
1377 1907 1515 1958 quae

39 1986 340 2041 taceantur,
378 1993 501 2028 vera
560 1974 688 2038 sint,
760 1992 898 2043 quae
932 1978 1291 2046 enuntientur,
1346 1982 1515 2036 falsa?

42 2071 345 2125 Ridiculum
378 2077 459 2123 est
495 2077 696 2132 autem,
733 2068 877 2137 quod
914 2089 1034 2134 eum
1071 2090 1197 2124 vera
1229 2074 1388 2128 tacite
1424 2073 1516 2128 ad-

36 2167 205 2241 jicere
241 2165 447 2227 dicunt,
487 2161 635 2231 quasi
672 2179 797 2214 vero
835 2174 1150 2233 quaeratur,
1199 2166 1327 2235 quid
1359 2168 1517 2221 tacite

46 2260 231 2321 faciat,
270 2258 338 2311 de
375 2257 521 2330 cujus
559 2274 801 2310 sermone
821 2260 997 2330 agitur
1025 2260 1108 2330 la).
1182 2262 1335 2322 Quae
1358 2279 1519 2330 quum

35 2408 104 2466 f)
139 2409 342 2452 Abram
385 2411 428 2448 et
463 2405 788 2446 Antoninus
834 2404 860 2444 l.
897 2405 966 2445 cit.
1012 2406 1061 2446 P.
1106 2405 1272 2456 Laym
1289 2418 1390 2446 ann
1431 2406 1457 2447 l.
1477 2419 1513 2448 c.

105 2488 226 2536 n.7.,
258 2484 329 2537 qui
348 2470 488 2523 tamen
519 2481 622 2532 vult,
647 2484 696 2520 ut
726 2483 801 2520 aut
832 2481 1031 2534 explicite
1061 2485 1132 2521 aut
1162 2481 1364 2534 implicite
1383 2481 1516 2534 signi-

102 2561 281 2610 ficetur,
313 2571 422 2611 quae
451 2569 552 2597 vera
584 2555 738 2595 debeat
768 2566 860 2595 esse
891 2554 1113 2593 restrictio.

39 2631 94 2689 g)
128 2630 450 2673 Abram.l.lI.
482 2643 517 2671 c.
539 2632 606 2669 13.
637 2630 663 2679 ἓ
685 2629 782 2668 100.
843 2627 892 2668 Ρ.
925 2625 1212 2678 Laymann
1243 2627 1269 2668 l.
1287 2627 1359 2669 IV.
1392 2632 1514 2669 tract.

99 2709 140 2746 3.
175 2719 210 2746 c.
232 2708 300 2746 13.
337 2718 376 2746 n.
405 2706 472 2745 11.

36 2776 90 2830 h)
123 2779 188 2819 De
216 2776 569 2819 reservationibus
610 2776 877 2819 conferantur
906 2774 944 2814 A
956 2774 982 2813 b
996 2786 1015 2814 r
1027 2787 1050 2814 a
1063 2787 1103 2814 m
1120 2805 1131 2824 ,
1174 2774 1247 2814 An
1261 2778 1315 2814 to
1328 2773 1381 2814 ni
1396 2786 1423 2814 n
1436 2786 1463 2813 u
1476 2786 1510 2821 s,

95 2852 127 2890 A
142 2864 165 2891 z
181 2865 205 2891 o
222 2865 240 2892 r
255 2854 264 2893 i
278 2865 304 2892 u
318 2865 337 2893 s
350 2884 361 2903 ,
406 2850 442 2890 L
458 2865 478 2891 a
494 2863 574 2902 μη
590 2864 612 2891 a
625 2864 650 2892 n
667 2863 768 2892 nus
800 2850 839 2890 in
872 2849 974 2889 locis
992 2880 1002 2899 ,
1035 2850 1103 2902 qui
1134 2850 1314 2889 citantur
1344 2851 1418 2890 not
1440 2845 1506 2897 d).
