1719 3084
703 69 1090 122 „12-

152 231 238 270 res
264 213 359 285 ἦ),
404 213 476 268 ita
513 212 593 264 vix
642 229 706 264 ac
751 229 820 264 ne
855 210 935 263 vix
982 208 1192 280 quidem
1229 209 1337 263 aliis
1376 228 1494 263 sese
1530 209 1630 263 ista

153 308 393 364 doctrina
431 306 687 380 probabit.
724 337 795 345 -—
845 303 990 365 Quid
1028 304 1167 357 enim
1202 314 1282 359 est
1319 304 1490 374 magis
1537 305 1629 356 ab-

152 422 367 467 sonum,
409 420 567 474 quam
608 399 796 454 eodem
837 398 1051 472 conjici,
1093 416 1230 468 quae
1265 399 1317 451 in
1355 396 1629 452 voluntatis

151 497 364 551 arbitrio
416 497 518 551 sint
570 495 775 566 posita,
831 492 1012 548 ethicis
1050 492 1212 563 igitur
1259 492 1458 564 regulis
1507 491 1630 544 sub-

148 593 316 665 jecta⁷
351 590 407 644 id
444 589 588 662 quod
626 588 694 641 de
727 586 1013 640 mendaciis
1047 606 1206 640 sensu
1226 586 1428 656 vulgari
1455 603 1630 649 nemo,
1682 632 1683 635 ,
1714 665 1716 682 ι

150 696 313 759 pum,
357 683 659 755 negaverit,
695 691 855 753 atque
890 699 982 746 ea,
1020 698 1243 753 quorum
1279 699 1460 735 secum
1497 682 1634 733 serat

147 782 322 844 notio,
382 787 442 831 ut
504 776 600 830 nisi
667 776 720 828 in
779 775 1015 831 nolentes
1093 774 1288 830 cadere
1355 782 1632 846 nequeant,

147 874 296 947 cujus
349 871 563 944 generis
615 889 797 923 omnes
849 890 967 925 esse
1019 888 1256 935 erroreS‚
1313 889 1417 923 non
1462 870 1632 922 minus

146 977 228 1022 est
264 965 641 1021 manifestum?
737 966 869 1027 Quis
918 984 1041 1020 vero
1099 964 1285 1019 audire
1342 964 1631 1028 sustinebit,

144 1061 291 1136 quod
329 1081 394 1117 ex
429 1060 532 1115 hac
582 1060 843 1114 sententia
880 1060 1117 1132 sequitur
1158 1060 1487 1123 nec-essariQ
1534 1058 1630 1112 ho-

144 1157 339 1222 mineS‚
390 1175 495 1228 quo
535 1155 636 1209 sint
670 1155 724 1207 in
758 1155 851 1221 iis,
891 1174 1029 1227 quae
1063 1173 1187 1209 vera
1212 1153 1482 1229 judicent,
1519 1161 1629 1208 tra-

143 1250 332 1305 dendis
372 1251 764 1322 difigenti01·eS‚
815 1269 880 1304 eo
928 1249 1110 1322 plura,
1163 1250 1207 1304 si
1257 1249 1388 1304 falsa
1433 1250 1499 1303 sit
1538 1267 1628 1302 eo-

140 1363 260 1399 rum
296 1345 602 1418 persuasim,
641 1345 971 1400 committere
1005 1344 1321 1399 mendacia?
1352 1376 1423 1384 -—
1457 1346 1631 1417 Atque

142 1438 275 1492 haec
327 1439 540 1512 quidem
594 1435 757 1494 verbo
810 1439 936 1493 satis
989 1439 1087 1493 erit
1133 1440 1402 1511 tetigisse,
1450 1459 1626 1512 quum,

140 1533 402 1587 neminem
439 1533 536 1587 nisi
590 1534 844 1588 scientem
891 1552 957 1587 ac
992 1532 1252 1588 volentem
1290 1534 1523 1602 mentiri,
1563 1536 1628 1590 sit

137 1646 237 1699 per
289 1648 348 1682 se
395 1628 609 1683 clarum.
705 1627 917 1683 Deinde
978 1628 1217 1682 Thomas
1265 1630 1492 1702 Aquinas
1556 1641 1627 1698 et,

140 1723 229 1794 qui
299 1741 421 1777 eum
485 1731 806 1794 sequuntur,
878 1722 1107 1776 nonnulli
1166 1721 1235 1776 ad
1295 1724 1628 1782 mendac-ium

140 1816 565 1872 constituendum
601 1818 852 1872 sufficere
887 1817 1083 1872 docent
1120 1817 1249 1872 salsa
1288 1819 1497 1874 dicendi
1536 1843 1624 1877 vo-

137 1911 422 1978 luntatem,
479 1912 687 1967 fallendi
748 1913 876 1968 alios
937 1922 1138 1984 negant
1198 1917 1391 1987 requiri
1453 1919 1623 1972 consi-

137 2007 262 2060 lium
288 2005 358 2078 i).
446 2006 777 2069 Quibuscum
826 2007 940 2077 alii,
988 2008 1162 2064 verbis
1200 2030 1265 2065 ac
1302 2013 1481 2086 specie
1519 2012 1623 2069 ‹lis-

136 2246 192 2303 Ιι)
237 2247 556 2290 Forbesius
597 2247 624 2289 Ι.
656 2249 725 2291 cit.
758 2251 830 2302 §7
859 2250 914 2292 in.
948 2251 1076 2302 §122

327 2321 527 2363 “stricte
560 2323 728 2364 mentiri
759 2328 826 2365 est
866 2325 1077 2367 contraria
1107 2337 1303 2380 promere
1334 2328 1465 2369 menti

324 2395 489 2438 Laxius
520 2401 586 2438 est
611 2397 744 2439 menti
776 2403 851 2440 aut
881 2412 981 2441 vero
1014 2401 1225 2442 contraria
1263 2400 1385 2442 sari.'⁷

133 2495 174 2552 i)
206 2497 450 2542 Thomae
481 2500 680 2554 Aquin.
728 2514 893 2544 summa
934 2500 1176 2555 theologica
1221 2501 1445 2557 (Lugduni
1491 2505 1618 2545 1738.

194 2572 291 2626 sol.)
338 2573 380 2614 in
409 2587 493 2615 sec.
535 2588 621 2617 sec.
668 2588 737 2630 qu.
760 2579 860 2617 110.
892 2581 969 2617 art.
999 2578 1037 2617 1.
1086 2577 1238 2629 “quod
1281 2582 1423 2618 autem
1468 2577 1622 2629 aliquis

193 2645 384 2686 intendat
424 2648 653 2692 salsitatem
693 2650 735 2690 iu
777 2649 976 2704 opinione
1019 2652 1194 2692 alterius
1239 2652 1498 2692 constituere
1540 2651 1620 2691 sal—

193 2719 319 2761 lendo
351 2721 513 2775 ipsum,
561 2736 642 2763 non
676 2725 860 2777 pertinet
891 2725 945 2766 ad
985 2727 1171 2781 speciem
1206 2723 1412 2766 mendacii
1451 2723 1524 2764 sed
1568 2723 1620 2763 ml

194 2792 402 2845 quandam
468 2795 773 2849 perfectionem
814 2799 972 2853 ipsius³²
1016 2813 1053 2843 0.
1116 2801 1288 2840 Summa
1344 2797 1624 2839 Antonini

192 2868 373 2923 anzlnicp.
423 2867 610 2911 Floreut.
658 2870 903 2925 (Basileae,
948 2874 1039 2915 siue
1087 2886 1221 2916 anno.
1265 2871 1360 2925 sol.)
1424 2871 1538 2914 Part.
1566 2870 1620 2912 11.
