1698 3084
657 160 1047 216 —130-

113 302 402 359 universale
440 298 710 373 quoddam
759 310 919 374 atque
960 299 1305 375 primordium
1353 302 1606 360 inducant

114 408 359 472 pactum,
392 395 539 468 quod
577 414 787 449 omnem
824 397 1077 450 sermonis
1115 415 1267 449 usum
1304 402 1604 454 necessario

115 491 360 545 debuerit
424 490 751 562 praecedere
795 489 877 560 i),
949 490 1060 557 alii,
1120 490 1326 562 quoties
1363 511 1608 547 sermone

111 596 350 648 utamur,
389 584 543 637 toties
581 584 637 638 id
675 605 706 637 a
743 585 894 638 nobis
922 584 1082 639 tacite
1105 584 1336 657 promitti
1364 584 1609 652 doceant,

114 699 210 733 nos
250 677 387 730 nulla
422 677 627 733 fallacia
668 681 720 734 in
759 679 861 731 hac
895 696 955 730 re
993 696 1111 731 esse
1144 697 1333 732 usuros
1371 678 1465 750 k),
1509 682 1611 736 sint

113 792 239 827 vero
303 772 491 837 etiam,
555 773 643 844 qui
703 772 888 825 nullius
950 772 1199 825 momenti
1257 792 1375 826 esse
1436 793 1610 846 neque

113 887 238 921 vero
307 876 560 921 accurate
629 866 873 920 constitui
937 885 1098 938 posse
1172 867 1429 934 sentiant,
1503 871 1610 936 ubi,

114 960 354 1035 quandO,
425 961 562 1015 inter
616 979 872 1031 quosnam
939 961 1032 1015 fiat
1078 960 1201 1013 illud
1260 971 1505 1033 paetum,
1555 964 1612 1018 id

114 1079 280 1113 unum
332 1059 483 1112 nobis
538 1053 864 1127 persuadere
919 1064 1204 1119 conentur,
1258 1056 1482 1110 existere
1520 1059 1609 1111 ali-

117 1175 276 1228 quam
338 1150 597 1227 ejusmodi
660 1169 725 1202 ex
784 1156 966 1202 mutuo
1021 1167 1281 1201 consensu
1331 1151 1609 1206 oriundam

120 1250 501 1321 obligationem
537 1245 619 1315 l):
683 1263 746 1296 ex
786 1243 891 1295 hoc
928 1242 1120 1295 etenim
1157 1242 1397 1298 dissensu
1444 1248 1608 1300 mani-

119 1345 255 1398 festo
315 1342 582 1413 sequitur,
651 1337 718 1388 ab
754 1336 884 1389 illius
924 1335 1198 1388 doetrinae
1232 1340 1466 1409 patronis
1505 1360 1608 1394 non

115 1438 403 1493 tacentium
454 1443 659 1489 tantum
699 1428 795 1483 sed
831 1430 1174 1484 nescientium
1219 1433 1488 1503 quoddam
1533 1437 1610 1488 in-

118 1531 243 1585 duci
291 1539 535 1602 pactum3
593 1524 940 1580 nescientium
1005 1533 1183 1579 autem
1241 1526 1436 1582 nullum
1492 1548 1610 1584 esse

114 1636 359 1700 paetum,
397 1642 553 1677 nemo
592 1629 700 1688 est,
736 1619 862 1690 quin
897 1617 1086 1674 videat.

111 1860 152 1919 i)
184 1863 348 1917 Hugo
384 1860 628 1903 Grotius
672 1859 726 1901 de
757 1860 796 1901 J.
828 1858 881 1900 Β.
913 1873 964 1901 ac
993 1858 1210 1902 P.1.111.
1243 1875 1279 1903 e.
1302 1863 1340 1904 1.
1385 1862 1498 1915 511.

113 1948 162 2004 k)
195 1946 272 1989 La
301 1946 569 1987 Placette
597 1943 745 1984 Traite
778 1942 835 1983 du
863 1953 1096 1995 mensonge
1131 1948 1211 1984 etc.
1259 1957 1294 1984 c.
1323 1946 1376 1985 6:
1437 1943 1491 1985 Je
1522 1945 1609 1985 suis

172 2023 408 2082 persuade,
459 2033 541 2074 que
575 2032 648 2071 ce,
705 2019 778 2072 qui
824 2018 1000 2074 produit
1031 2023 1100 2059 cet
1132 2018 1259 2070 effet,
1309 2018 1415 2060 c'est
1444 2032 1528 2074 que
1558 2033 1608 2060 ce

177 2098 312 2156 peche
353 2098 490 2149 viole,
542 2110 624 2138 non
671 2109 721 2137 ce
766 2100 891 2150 pacte
938 2094 1213 2149 primordial,
1261 2092 1363 2146 qu'il
1406 2099 1471 2135 est
1514 2095 1608 2149 plus

173 2177 262 2218 aise
294 2173 545 2227 d'imaginer
574 2186 656 2226 que
691 2171 746 2212 de
786 2172 825 2211 le
858 2183 1066 2226 prouver,
1112 2170 1217 2211 mais
1250 2182 1305 2209 un
1336 2175 1461 2224 pacte
1497 2182 1605 2211 nou—

173 2266 281 2295 veau
327 2256 371 2293 et
418 2249 688 2305 particulier,
739 2246 867 2300 qu'on
920 2245 995 2285 fait
1043 2258 1146 2286 avec
1187 2258 1323 2298 ceux,
1380 2246 1405 2287 a
1448 2248 1519 2300 qui
1552 2259 1606 2288 on

179 2326 322 2385 parle,
355 2332 496 2369 tontes
528 2327 589 2367 les
621 2323 724 2375 sois,
754 2321 879 2377 qu'on
911 2321 1004 2362 leur
1035 2320 1155 2375 pai-le
1187 2326 1267 2363 etc.

115 2411 156 2467 l)
191 2411 407 2453 Saurin
432 2404 856 2456 Nebenabhandlung
882 2416 920 2444 v.
947 2402 986 2444 d.
1016 2401 1170 2455 Lfigen
1192 2405 1279 2454 §52
1340 2400 1402 2444 Es
1419 2415 1495 2457 scy
1509 2417 1607 2452 nun,

178 2489 272 2530 dass
303 2488 443 2528 dieser
484 2481 712 2537 Vergleich
757 2477 1052 2521 ausdriicklich
1098 2478 1203 2519 oder
1248 2478 1607 2535 stillschweigend

177 2563 414 2618 geschehffi
449 2576 494 2604 es
526 2574 601 2612 sey
633 2571 745 2609 nun,
778 2556 870 2597 dass
901 2555 1097 2596 derselbe
1129 2568 1176 2596 so
1213 2555 1273 2596 alt
1303 2568 1403 2609 sey,
1435 2557 1498 2597 als
1531 2557 1607 2598 das

177 2656 313 2695 ganza
345 2636 627 2682 mensemiche
658 2632 919 2676 Geschiecht
947 2632 1030 2683 ist,
1068 2629 1173 2673 oder
1208 2630 1300 2671 dass
1333 2630 1525 2673 derselbe
1557 2646 1608 2673 so

178 2718 242 2759 oft
272 2721 471 2758 erneuret
500 2714 667 2765 werde,
715 2723 763 2752 so
797 2707 858 2750 oft
890 2721 986 2749 man
1019 2704 1107 2749 sich
1142 2706 1217 2748 der
1246 2706 1371 2748 Rede
1402 2707 1477 2749 mit
1508 2708 1604 2750 dem

175 2792 392 2836 Nachsten
426 2793 646 2834 bedienet:
698 2802 747 2830 so
779 2787 941 2826 kommt
985 2783 1062 2824 das
1102 2784 1205 2824 alles
1236 2783 1385 2824 ailhier
1415 2781 1531 2826 nicht
1562 2784 1605 2826 in

171 2868 464 2920 Retrachtung
495 2892 552 2898 ——
585 2868 658 2909 das
691 2866 847 2917 Liigen
879 2861 934 2901 ist
964 2859 1143 2903 nemlich
1192 2861 1286 2902 eine
1318 2859 1605 2915 Beleidigung

171 2948 287 2989 eines
320 2944 496 2989 solchen
530 2941 779 3000 Vei-gleichs
809 2942 893 2982 cet.
