1698 3084
584 88 973 142 ..65-

38 229 107 282 ad
145 227 545 284 monstrandam
584 230 961 302 turpitudinem
1003 228 1210 286 fallendi
1237 231 1357 302 m):
1407 234 1516 305 ejus

38 324 341 393 argumenti
394 324 493 377 vim
547 333 706 395 atque
741 335 1064 379 momentum
1103 344 1207 379 non
1247 325 1394 378 valeo
1432 345 1516 380 as-

35 417 198 487 sequi.
272 418 463 490 Neque
517 417 681 482 enim,
731 419 980 492 quicquid
1030 421 1098 474 sit
1146 428 1328 473 contra
1362 428 1515 474 natu-

32 529 147 564 ram
186 513 317 566 entis
354 512 749 584 perfectissimi,
802 512 857 566 id
903 524 1059 586 turpe
1109 533 1226 567 esse
1263 513 1516 585 sequitur,

35 605 179 676 quod
230 608 273 660 si
309 607 456 679 sequi
495 607 805 672 fecerimus,
846 610 1055 673 neseiO,
1103 626 1170 662 an
1219 607 1356 660 nulio
1413 607 1512 661 alio

29 698 192 752 modo
239 701 374 755 ratio
422 701 651 754 humana
702 701 944 754 evincere
990 703 1184 774 possit,
1238 703 1290 754 in
1336 702 1516 756 Deum

0 811 138 846 ¹non
177 793 371 847 cadere
420 794 631 847 faiiendi
678 796 973 859 notionem,
1021 815 1178 867 quam
1229 815 1292 849 ex
1331 814 1516 851 eorum

29 898 439 960 praeceptorum
476 898 693 953 natura,
741 908 877 960 quae
913 890 1028 961 ipse
1066 889 1314 944 cordibus
1348 884 1516 945 homi-

33 1001 159 1035 num
194 983 490 1054 inscripsit3
528 981 673 1053 quod
710 983 752 1036 si
793 983 865 1036 ita
904 994 1010 1047 est,
1049 984 1196 1038 istius
1233 1003 1518 1055 argumen-
1583 1048 1585 1051 Ι

31 1077 240 1131 tationis
278 1087 490 1131 autores
529 1076 909 1147 turpitudinem
959 1077 1168 1130 saiiendi
1216 1097 1278 1130 ea
1316 1097 1376 1131 re
1425 1077 1520 1132 de-

32 1180 328 1225 monstrare
367 1169 859 1244 deprehendentur,
911 1171 1054 1244 quod
1100 1172 1152 1224 in
1194 1172 1369 1226 Deum
1407 1192 1513 1227 non

34 1264 219 1331 cadat,
248 1267 300 1319 in
320 1265 496 1319 Deum
529 1284 632 1319 non
655 1264 848 1319 cadere
873 1264 997 1318 inde
1022 1265 1305 1320 ostendere
1322 1309 1335 1332 ,
1373 1267 1516 1338 quod

31 1369 186 1431 turpe
211 1361 291 1414 sit.
382 1361 477 1414 Alii
507 1379 571 1413 eo
601 1359 1018 1431 confugiendum
1045 1380 1162 1414 esse
1183 1371 1514 1432 putaverunt,

28 1464 113 1519 ut,
145 1455 390 1526 quoniam
419 1454 690 1508 sinceritas
711 1462 932 1508 naturae
953 1455 1214 1508 humanae
1239 1467 1516 1510 consenta-

26 1566 130 1601 nea
149 1557 302 1614 esset,
321 1548 490 1603 eidem
508 1553 684 1602 autem
702 1557 1062 1619 repugnarent
1076 1568 1255 1603 omnes
1271 1550 1513 1603 simulan-

30 1642 83 1695 di
108 1651 266 1714 atque
287 1641 640 1696 dissimulandi
666 1651 832 1707 arteS,
862 1642 956 1696 has
984 1643 1147 1713 igitur
1165 1653 1347 1714 turpes
1371 1644 1508 1698 issam

28 1737 302 1792 honestam
353 1757 469 1792 esse
507 1737 760 1791 docerent
786 1736 871 1808 η).
945 1737 1143 1791 Verum
1179 1737 1381 1791 etiamsi
1417 1757 1510 1792 na-

26 1975 93 2031 m)
125 1976 189 2017 Jo
205 1974 243 2017 h.
278 1975 508 2016 Calvini
551 1980 823 2017 commentar.
856 1975 897 2016 in
929 1975 967 2016 V
999 1974 1129 2015 fibros
1156 1974 1292 2015 Mosis
1324 1974 1401 2029 (ex
1445 1975 1512 2017 of-

16 2079 17 2082 =
86 2049 210 2090 ficina
241 2048 573 2091 Coxnlneliniana
605 2047 744 2103 1602)
791 2048 844 2090 ad
875 2053 1002 2103 caput
1031 2047 1172 2089 Exodi
1205 2051 1244 2090 1.
1277 2057 1317 2090 ν’.
1343 2052 1410 2090 18.
1445 2056 1512 2090 at-

82 2135 167 2176 que
197 2121 389 2174 ejusdem
432 2123 476 2164 in
517 2123 670 2165 librum
715 2121 874 2163 Josuae
905 2121 1231 2164 commentarius
1260 2121 1400 2164 brevis
1433 2121 1512 2175 (ex

32 2196 36 2199 '
85 2195 198 2237 offic.
229 2196 576 2238 Sanctandreana
623 2196 762 2250 1595)
805 2196 859 2237 ad
890 2209 926 2236 c.
955 2199 997 2236 2.
1029 2208 1068 2236 v,
1089 2198 1129 2236 4.
1254 2193 1510 2235 Bernard

86 2268 280 2310 discours
310 2283 382 2310 sur
415 2271 454 2311 le
485 2283 716 2322 mensonge
748 2282 783 2310 c.
806 2272 844 2310 1.
878 2271 903 2320 g
926 2271 992 2309 14.
1023 2290 1082 2298 -
1111 2267 1272 2308 Misere
1304 2273 1508 2321 torquen-

83 2346 153 2381 tur
194 2342 236 2381 in
284 2341 359 2382 bac
401 2344 721 2384 ratiocinatione
763 2341 984 2383 refutanda
1026 2340 1228 2381 Sam-in
1278 2339 1508 2381 Nebenab-

8 2443 22 2458 .
84 2413 300 2467 handlung
341 2428 424 2457 von
464 2416 545 2456 den
577 2416 731 2468 Liigen
774 2417 894 2467 §23-
955 2414 1157 2456 Miller
1198 2414 1240 2453 in
1284 2414 1506 2455 continua-

83 2487 197 2529 tione
231 2488 385 2542 Operis
416 2487 694 2530 Moshemiani
726 2485 985 2529 Sitteniehre
1017 2486 1092 2528 der
1122 2484 1306 2540 heiligen
1345 2485 1508 2529 Schrist

29 2574 41 2577 ”
76 2560 313 2602 7terThei1
343 2564 454 2613 §2st
487 2575 583 2617 pag.
609 2564 709 2602 450.

21 2643 75 2698 n)
113 2643 290 2684 Carus
321 2641 720 2700 Moraiphilosophie
765 2640 937 2695 (Leipz.
957 2640 1110 2695 1810.)
1143 2653 1240 2695 pag.
1262 2642 1368 2682 159:
1427 2641 1502 2681 Sie.

83 2716 175 2770 (die
206 2718 354 2772 Liige)
388 2720 442 2760 ist
475 2713 831 2766 widernatiiriich,
874 2714 983 2754 denn
1014 2714 1090 2755 der
1121 2714 1366 2770 Naturtrieb
1400 2714 1500 2767 geht

80 2789 196 2832 nicht
226 2792 302 2832 auf
339 2791 494 2833 Schein
535 2791 715 2833 sondern
762 2789 903 2841 dringt
935 2787 1012 2829 auf
1036 2787 1175 2829 offene
1217 2786 1497 2839 Aeusserunfg.

77 2864 349 2906 Stiiudlin
392 2866 533 2908 Neues
582 2860 805 2907 Lehrhuch
852 2861 926 2902 der
958 2860 1098 2902 Mora}
1143 2860 1209 2901 ffir
1251 2859 1498 2911 Theologen

1088 2941 1122 2992 5
