1698 3084
584 97 980 149 -99-

27 238 245 295 deduci·
277 244 472 307 queant
538 236 745 307 singula
794 238 1011 293 aliorum
1060 237 1211 312 jura,
1278 238 1517 310 singulae

30 342 243 387 nostrae
278 351 341 384 eo
379 341 628 402 respectu
665 331 1040 403 obligationes,
1091 350 1195 385 non
1231 331 1383 405 hujus
1415 332 1518 386 loci

23 435 112 487 ,θεῖ
130 434 188 480 ut
205 434 513 497 exponatur,
537 444 600 478 eo
621 426 754 478 enim
761 427 870 500 jam
885 435 1192 499 perventum
1209 435 1305 490 est,
1342 435 1401 480 ut
1425 446 1514 481 ea-

25 540 146 576 rum
172 520 492 573 fallaciarum
522 519 915 591 turpitudinem,
955 540 1093 593 quae
1117 520 1169 573 in
1198 521 1513 573 commercio

24 614 294 671 hominum
320 614 522 667 ratione
545 614 800 668 utentium
829 614 1192 678 adhibeantur,
1216 623 1511 668 monstrare

27 708 304 764 valeamus.
343 738 414 746 --—
449 708 678 774 Etenim,
715 709 963 781 quoniam
997 708 1106 761 aliis
1134 708 1256 780 jura
1281 708 1511 762 tribuere

28 803 299 873 cogimur,
355 803 474 874 quia
509 821 693 855 eorum
738 803 968 855 revereri
1025 801 1278 854 debemus
1330 811 1512 856 nostra

23 895 168 952 haud
203 896 506 949 inferiorem
561 895 874 965 dignitatem
910 905 1072 963 atque
1118 897 1509 966 praestantiam,

23 989 177 1062 hujus
217 998 393 1042 autem
429 989 758 1042 reverentiae
796 1007 858 1040 ea
897 997 977 1042 est
1012 1007 1202 1053 eausa,
1241 989 1386 1060 quod
1425 1009 1510 1044 ra-

24 1083 279 1138 tionabilis
314 1090 536 1135 naturae
574 1090 845 1135 consortes
879 1090 1027 1146 sunt,
1074 1081 1265 1152 igitur,
1317 1084 1360 1136 si
1396 1085 1509 1155 quis

22 1196 128 1237 non
167 1177 239 1230 ita
277 1176 435 1230 fuerit
469 1193 603 1245 erga
653 1194 745 1228 eos
783 1175 1006 1228 affectus
1049 1183 1139 1228 aut
1174 1193 1280 1227 non
1327 1176 1398 1229 ita
1451 1196 1510 1231 εθ

25 1268 280 1341 gesserit,
312 1268 763 1340 ‚quemadmodum
791 1287 912 1321 eum
942 1267 1263 1322 ostendimus
1291 1268 1507 1337 debere,

21 1363 65 1417 is
104 1364 206 1416 hac
243 1363 358 1434 ipsa
407 1381 466 1416 re
516 1363 751 1416 homines
805 1362 900 1415 sibi
944 1381 1100 1433 pares
1154 1362 1342 1417 eodem
1387 1365 1507 1419 loco

21 1455 218 1510 habere
256 1455 713 1526 deprehendetur,
761 1476 865 1528 quo
904 1457 1041 1509 entia
1089 1458 1304 1510 rationis
1348 1468 1507 1531 atque

13 1550 145 1623 juris
183 1550 432 1622 expertia.
522 1549 606 1602 Ea
643 1559 725 1607 est
761 1560 936 1604 autem
989 1550 1149 1621 longe
1196 1553 1507 1622 gravissima

21 1654 178 1716 atque
216 1644 541 1698 atrocissima
562 1643 702 1716 juris
741 1644 975 1707 violatiO,
1014 1644 1074 1708 si,
1119 1645 1347 1718 quijnris
1384 1658 1507 1703 sunt

20 1748 322 1810 compoteS,
395 1756 657 1810 personae
711 1738 876 1809 igitur
938 1737 1176 1808 gaudent
1228 1740 1501 1812 dignitate,

21 1851 112 1887 eos
178 1852 357 1886 rerum
409 1832 573 1886 instar
625 1840 718 1886 aut
776 1834 1051 1886 brutorum
1110 1833 1244 1906 juris
1315 1855 1503 1908 exper-

17 1925 146 1980 tium
194 1926 394 1979 habere
454 1934 613 1997 atque
658 1934 889 1980 tractare
942 1928 1188 1998 aggressi
1237 1928 1501 1985 fuerimus,

3 2019 171 2079 'Quae
221 2037 307 2072 res
354 2039 454 2073 usu
506 2020 646 2074 venit
691 2020 745 2072 in
803 2020 1044 2075 sallendo,
1137 2022 1311 2082 Quem
1367 2025 1504 2078 enim

5 2112 193 2169 'fallere
228 2112 447 2180 studeO,
498 2133 649 2179 eum,
687 2132 1003 2186 quocunque
1050 2113 1106 2167 id
1154 2115 1365 2170 demum
1410 2120 1504 2173 fiat

5 2207 261 2273 ‘consilio,
310 2226 415 2261 non
454 2207 600 2261 aliter
642 2228 674 2261 a
724 2228 811 2264 me
845 2209 1108 2263 aestimari
1154 2229 1376 2264 necesse
1425 2213 1506 2268 est

20 2300 246 2373 (quippe
283 2303 370 2373 qui
403 2321 507 2354 non
547 2302 694 2356 aliter
730 2303 783 2355 in
820 2323 939 2356 eum
978 2303 1306 2374 consulam),
1357 2325 1421 2360 ac
1459 2309 1501 2360 si

17 2394 307 2450 intellectus
345 2406 506 2468 atque
541 2396 792 2451 libertatis
829 2416 1014 2469 expers
1050 2399 1175 2451 mihi
1207 2399 1261 2452 in
1286 2402 1501 2456 tutelam

10 2490 240 2544 *traditus
281 2491 373 2557 sit,
409 2510 529 2544 meo
567 2491 810 2557 arbitrie,
848 2492 996 2563 quasi
1039 2492 1127 2564 qui
1157 2496 1373 2566 proprio
1397 2515 1502 2550 non

12 2584 256 2654 igaudeat
309 2594 401 2640 aut
451 2605 557 2639 non
605 2585 847 2656 gaudere
897 2585 1116 2651 debeat,
1179 2591 1503 2657 commissus,

20 2695 124 2749 quo
160 2679 323 2752 igitur
359 2679 428 2733 ad
464 2680 862 2752 persequenda,
901 2699 1037 2752 quae
1071 2680 1193 2734 mihi
1227 2703 1346 2739 sese
1377 2705 1500 2758 pro-

19 2770 279 2840 baverint,
332 2776 545 2829 consilia
582 2793 685 2828 non
728 2776 898 2828 minus
937 2783 991 2829 et
1025 2774 1187 2829 inscio
1225 2779 1301 2833 uti
1349 2779 1506 2834 liceat

20 2872 69 2920 et
104 2866 339 2935 nolente,
396 2888 551 2941 quam
604 2869 683 2923 vel
722 2888 858 2942 equo
895 2878 1014 2923 utar
1064 2869 1135 2922 ad
1189 2871 1289 2926 iter
1345 2875 1508 2926 confi-

1027 2967 1059 2984 μ’
1102 2965 1123 2988 4:

1034 2985 1049 3017 A

14 2999 18 3084 ἱ
