1719 3084
752 77 1138 131 ...30-

197 221 405 275 fiantur.
480 217 685 281 Quodsi
713 217 1029 289 largiamur,
1067 213 1232 276 latere
1269 222 1405 277 iniis
1432 214 1679 295 'quodam

194 314 355 369 modo
405 313 662 383 loquentis
717 312 1058 378 sententiam,
1106 315 1254 370 velim
1301 326 1476 370 tamen
1526 316 1684 381 seire,

197 425 456 478 quaenam
523 407 588 460 sit
655 425 788 458 nova
853 423 977 459 vera
1027 406 1238 462 dicendi
1285 412 1517 481 species,
1587 425 1686 480 per

196 518 355 570 quam
405 500 694 563 efficiatur,
746 507 804 552 ut
837 517 1016 551 verum
1051 500 1240 567 lateat,
1296 512 1386 558 aut
1425 521 1530 574 quo
1559 503 1686 574 jure

195 591 250 645 id
290 594 563 646 enuntiare
601 592 908 665 judicentur
946 594 1215 661 homines,
1264 596 1409 665 quod
1444 598 1495 649 in
1533 595 1686 649 dictis

193 686 268 739 ita
307 685 598 751 delitescat,
634 694 744 740 uta
779 686 988 739 nemine
1017 699 1230 760 praeter
1265 699 1504 744 autorem
1536 687 1686 743 intel-

192 779 286 849 ligi
332 787 507 850 queat.
609 779 755 831 Hinc
803 779 968 850 igitur
1017 801 1274 854 apparere
1330 792 1489 855 pum,
1555 782 1688 836 falsa

194 872 407 938 (licere,
456 872 758 943 quicunque
794 872 940 926 istius
977 875 1121 928 modi
1160 886 1375 930 utantur
1411 876 1685 948 amphibffl

191 966 345 1037 logiis
383 965 469 1035 cl).
507 997 580 1005 —-
613 966 1052 1021 ·Restrictionum
1087 968 1280 1022 deinde
1329 969 1478 1024 simili
1525 968 1686 1024 modo

194 1063 261 1114 ab
310 1061 371 1114 iis
423 1059 743 1132 depravatur
785 1063 943 1117 notio.
1016 1061 1293 1132 Restringi
1340 1063 1479 1116 enim
1526 1063 1689 1116 verba

192 1171 290 1225 per
327 1171 386 1207 se
424 1157 725 1227 §mmo-offla
760 1175 824 1209 ex
856 1174 1022 1220 nexu,
1062 1173 1167 1224 quo
1199 1156 1568 1228 proferantur,
1617 1153 1688 1208 ad

193 1256 393 1300 certam
429 1248 699 1316 quandam
742 1248 1208 1319 significationem,
1247 1268 1402 1302 nemo
1441 1258 1524 1303 est
1559 1248 1685 1317 quin

190 1339 394 1406 videat3
441 1341 540 1406 ita,
591 1361 696 1411 quo
734 1343 787 1396 in
824 1343 1130 1411 quaestione
1190 1342 1421 1397 occurrit
1466 1343 1688 1396 verbum

191 1432 406 1501 aliquod
443 1452 627 1501 sensu,
666 1435 736 1488 ad
773 1435 1001 1489 eundem
1034 1435 1344 1508 plerumque
1378 1440 1432 1494 in
1461 1458 1685 1511 respon-

190 1527 339 1582 sione
375 1528 711 1600 restringitur
747 1530 823 1602 e).
897 1531 965 1584 At
997 1547 1137 1599 quae
1174 1533 1241 1584 ab
1271 1533 1332 1587 iis
1362 1534 1684 1589 inducuntur

189 1621 575 1688 restrictiones,
623 1655 693 1662 —
740 1624 831 1677 ubi
867 1643 971 1677 non
1009 1635 1402 1681 commutantur
1436 1648 1557 1683 eum
1593 1649 1680 1684 re-

189 1719 598 1783 servationibu5‚
650 1715 718 1769 de
760 1718 948 1786 quibus
986 1727 1201 1788 postea,
1252 1749 1322 1759 —
1358 1723 1412 1776 in
1448 1743 1514 1777 eo
1555 1744 1682 1779 con-

189 1821 360 1878 stant,
398 1822 472 1878 ut,
512 1813 683 1866 soluto
721 1830 875 1876 nexn,
916 1812 1121 1865 sublato
1159 1815 1299 1867 omni
1335 1826 1489 1871 antea
1512 1816 1682 1873 dicto-

186 1925 306 1961 rum
341 1909 551 1977 reique,
605 1905 674 1958 de
711 1924 815 1975 qua
851 1925 1023 1959 sermo
1064 1917 1179 1972 est,
1213 1920 1490 1980 respectu,
1543 1912 1681 1967 hanc

188 2001 269 2055 vel
311 2001 476 2067 illam,
527 2018 686 2070 quam
735 2000 834 2053 alio
874 2000 1098 2054 sortasse
1146 2019 1284 2054 nexu
1331 2012 1424 2058 aut
1460 2005 1678 2079 adjectis

187 2095 502 2166 quibusdam
562 2097 779 2149 verbum
826 2093 1038 2164 aliquod
1088 2095 1288 2148 habere
1342 2099 1510 2168 possit
1577 2101 1678 2155 vim

186 2338 238 2394 d)
270 2340 336 2381 De
367 2339 782 2394 aequivocationibus
822 2336 1011 2377 effantur
1041 2336 1246 2378 Abram
1289 2337 1342 2379 de
1373 2339 1595 2381 mendacio
1625 2354 1676 2383 ac

244 2418 421 2458 veritate
452 2418 478 2458 l.
505 2416 559 2458 11.
593 2430 628 2457 c.
651 2418 717 2455 13.
756 2415 781 2465 ἓ
805 2416 890 2454 100
939 2419 982 2454 et
1013 2428 1048 2454 c.
1071 2415 1140 2454 14.
1182 2415 1323 2464 §115.
1345 2429 1460 2471 saep.
1502 2419 1539 2458 A
1554 2423 1676 2458 nto-

241 2494 363 2534 nini
407 2495 581 2534 Summa
623 2491 740 2533 Part.
766 2490 820 2530 Π.
864 2490 973 2530 titul.
1003 2492 1071 2530 10.
1127 2503 1163 2530 c.
1198 2493 1235 2530 1.
1279 2493 1351 2542 §1
1412 2492 1490 2534 sub
1532 2494 1673 2536 finem.

245 2571 282 2609 A
298 2583 395 2610 zor
426 2568 681 2610 Institution.
703 2566 857 2607 Metal.
874 2566 990 2607 Part.
1009 2565 1085 2606 Ill.
1119 2566 1144 2606 l.
1165 2568 1234 2607 13.
1268 2580 1303 2607 c.
1318 2571 1358 2608 3.
1387 2581 1484 2622 pag.
1508 2572 1594 2609 906
1611 2583 1673 2622 sq.

243 2644 482 2698 Tlieologia
512 2644 691 2686 Moralis
722 2647 871 2683 autore
901 2642 951 2683 P.
984 2641 1100 2693 Lay
1115 2655 1232 2682 man
1245 2655 1271 2683 n
1302 2642 1523 2695 (Monaclti
1545 2648 1672 2685 1625.

242 2719 312 2760 sol.
346 2720 468 2774 min.)
502 2722 528 2761 l.
550 2721 623 2763 IV.
657 2723 776 2760 tract.
795 2722 837 2759 3.
870 2731 906 2759 c.
932 2721 999 2759 13.
1032 2721 1131 2758 n.5.

183 2800 229 2858 e)
262 2802 519 2843 Amesius
551 2802 604 2841 de
636 2799 892 2842 conscientia
919 2804 962 2839 et
994 2797 1087 2850 ejus
1116 2798 1215 2851 jure
1259 2798 1283 2838 l.
1314 2800 1364 2841 V.
1401 2813 1436 2841 c.
1457 2804 1525 2841 53.
1557 2804 1672 2853 529.

241 2877 513 2922 Forbcsii
544 2876 753 2930 Theolog.
787 2874 965 2917 Moralis
999 2874 1023 2914 l.
1045 2872 1119 2915 IX.
1153 2887 1188 2915 c.
1210 2876 1277 2916 10.
1312 2876 1338 2927 §
1359 2878 1426 2916 18.
