1698 3084
568 77 954 131 ‚pm-.-

0 224 102 278 *nis
138 221 385 295 exempla.
422 249 490 260 —-
525 220 731 285 Quare,
769 220 810 274 si
847 220 1105 292 posterius
1141 240 1241 278 usu
1276 224 1489 292 venerit,

23 335 208 389 parum
267 314 466 369 solliciti
513 315 702 369 erimus
767 315 835 368 (le
890 315 1144 372 solvendis
1198 318 1489 373 artificiosis

21 411 131 464 istis
184 409 477 462 officiorum
538 408 909 475 collisionibus,
966 411 1153 481 quibus
1205 412 1492 483 praecipue

23 503 292 557 confidere
327 503 564 557 videntur
597 503 990 557 mendaciorum
1025 505 1263 576 patroni,
1299 506 1500 578 quippe·

21 597 109 668 qui
159 598 281 671 jure
327 607 506 652 nostro
557 595 825 669 postulare
871 598 1019 651 nobis
1069 597 1364 664 videamur,
1414 608 1490 665 ut,

19 691 108 762 qui
155 691 375 747 honesta
420 690 635 745 inducat
686 690 991 757 mendacia,
1042 701 1163 746 ante
1197 692 1371 746 omnia
1404 709 1490 746 re-

18 783 160 838 fellat
205 805 297 845 ea,
356 785 543 857 quibus
591 785 757 856 ipsam
806 786 1070 839 notionem
1118 795 1327 859 turpem
1374 805 1494 841 esse

16 887 364 933 monstratum
436 879 526 943 sit,
609 887 949 948 argumenta:
1022 878 1079 933 id
1161 881 1214 933 ni
1287 879 1491 946 fecerit,

17 972 214 1046 poterit
268 972 449 1045 aliquis
514 971 594 1025 his
658 972 780 1044 ipsis
840 971 1188 1028 collisionibus
1240 972 1491 1028 adversus

16 1084 138 1121 eum
198 1067 303 1132 uti,
363 1075 445 1132 et,
510 1064 955 1139 quemadmodum
1004 1066 1089 1120 ille
1145 1087 1191 1121 v.
1239 1087 1284 1121 c.
1330 1068 1494 1121 licere

15 1160 348 1215 mendacium
400 1158 584 1225 docet,
646 1159 891 1232 quoniam
941 1159 1065 1214 alias
1112 1161 1217 1215 vita
1269 1161 1504 1215 hominis·

18 1254 158 1310 soret
191 1254 425 1327 periculo
463 1253 785 1326 objicienda,
821 1255 893 1309 ita
931 1273 998 1309 ex
1030 1253 1220 1308 eodem
1254 1255 1492 1327 exemplo

18 1348 367 1415 concludere,
419 1365 537 1400 esse
583 1346 862 1415 aliquando
898 1348 1054 1404 vitam
1090 1348 1308 1402 aliorum
1354 1349 1491 1421 peri-

18 1442 137 1495 culo
183 1440 530 1516 objiciendam
554 1481 569 1506 ,
616 1441 737 1513 quia
783 1440 907 1496 alias
952 1445 1091 1497 foret
1122 1441 1493 1497 mentiendum.

15 1536 172 1590 Haec
210 1536 482 1589 hactenus,
518 1564 588 1574 -—

153 1629 647 1701 circumspecturos
695 1647 790 1684 nos
839 1649 956 1685 esse
998 1629 1248 1694 diximUS,
1302 1631 1491 1698 quibus

18 1723 354 1778 mendacium
407 1723 781 1795 prohibeatur,
837 1723 985 1795 leges
1036 1724 1264 1788 ethicas,
1320 1741 1493 1793 neque

19 1819 156 1872 enim
191 1836 507 1888 quemquam
545 1818 737 1889 fugere
780 1826 1052 1889 putamus,
1107 1836 1266 1888 quum
1303 1836 1400 1890 per
1434 1837 1493 1874 se

16 1913 298 1969 honestum
347 1931 463 1966 esse
516 1911 849 1966 mendacium
895 1930 1050 1966 nemo
1084 1932 1316 1985 unquam
1366 1932 1493 1969 con-

13 2016 98 2062 tra
135 2026 448 2062 consensum
485 2006 743 2073 omnium,
781 2024 886 2060 non
922 2005 1041 2060 dico
1075 2009 1362 2074 bonorum,
1396 2007 1492 2062 sed

11 2102 150 2154 bene
190 2120 439 2156 sanorum
488 2120 646 2155 ausus
697 2101 762 2155 sit
804 2119 1042 2155 asserere
1065 2102 1156 2169 71),
1217 2102 1360 2158 notio
1399 2121 1492 2156 au-

16 2203 124 2249 tem
158 2195 414 2250 indefiniti
450 2215 631 2250 secum
681 2196 845 2262 serat,
893 2205 953 2251 ut
988 2196 1158 2251 nullae
1191 2198 1324 2264 sint,
1378 2195 1491 2270 qui-

12 2435 68 2492 Ιι)
101 2435 198 2478 Non
236 2436 405 2477 omnino
445 2435 800 2491 praetereundum
830 2448 924 2477 esse
956 2433 1152 2477 duximus
1182 2431 1291 2476 hunc
1334 2447 1492 2488 casum,

70 2522 125 2552 ne
168 2509 261 2563 quis
310 2508 506 2562 objiciat,
549 2522 740 2552 mancam
782 2523 875 2551 esse
917 2508 1249 2564 propositionem
1290 2513 1491 2561 nostram,

68 2581 333 2624 mendacium
364 2587 438 2623 aut
467 2586 592 2636 turpe
634 2595 727 2624 esse
770 2588 843 2624 aut
876 2582 1011 2625 ethice
1052 2582 1340 2634 indefinitum3
1388 2595 1492 2638 pro·-

71 2655 164 2708 prie
205 2656 314 2699 enim
356 2657 415 2697 ita
457 2660 599 2697 sonat:
641 2655 904 2698 mendacium
945 2669 1021 2711 per
1061 2669 1108 2697 se
1148 2660 1383 2710 spectatum
1425 2659 1491 2697 est

69 2733 144 2769 aut
175 2726 395 2770 honestum
441 2727 511 2781 (ut
550 2729 681 2782 igitur
720 2731 929 2771 contraria
970 2729 1126 2783 agendi
1165 2730 1272 2771 ratio
1319 2730 1374 2769 sit
1414 2739 1491 2783 per

70 2813 118 2841 se
149 2801 337 2856 turpis),
377 2806 450 2842 aut
491 2807 639 2857 turpe,
687 2807 759 2844 aut
789 2801 926 2845 ethice
954 2802 1240 2853 indefinitum3
1285 2814 1369 2855 quo
1411 2800 1490 2840 tri-

67 2874 265 2917 lemmate
301 2875 577 2918 absolvuntur
608 2887 774 2920 omnes.
809 2877 878 2929 qui
912 2875 1089 2926 emitari
1121 2880 1326 2930 possunt,
1360 2886 1482 2915 casus
