1719 3084
625 95 1008 147 -9-s-

75 237 246 298 diant,
312 235 574 307 exempla,
632 236 672 289 si
734 233 801 288 ad
857 235 1164 306 specialiora
1225 234 1549 295 descendere

76 330 389 384 voluerimus
425 329 767 384 minutissime
809 328 1186 396 describenda3
1226 331 1417 385 classes
1458 351 1549 386 au-

78 433 186 480 tem
222 424 376 496 paulo
425 423 576 477 latius
617 432 856 495 patentes
907 423 1083 494 (tanta
1133 433 1213 479 est
1260 426 1402 480 eirea
1449 427 1552 481 hoe

78 534 269 570 nomen
320 515 619 588 linguarum
673 517 972 590 confusio),
1026 517 1108 572 vix
1164 520 1340 572 afferri
1396 540 1554 591 posse

78 612 385 683 putaverim.
474 612 551 665 Ut
584 612 721 665 enim
757 611 827 665 ad
863 630 928 665 ea
962 621 1164 666 tantum
1195 613 1554 684 respiciamus,

80 705 149 758 de
186 707 374 778 quibus
412 706 621 759 minima
660 715 712 760 et
749 707 817 760 sit
854 715 907 761 et
943 706 1100 761 fuerit
1134 706 1413 774 dissensio,
1450 727 1557 762 non

82 799 395 865 defuerunt,
445 800 533 871 qui
581 799 973 855 mendaciorum
1021 801 1230 854 nomine
1273 802 1558 874 insignien-

83 893 179 948 das
227 901 489 964 negarent
535 891 791 964 quasdam
836 895 972 948 inter
1020 895 1146 947 alios
1195 895 1558 962 instituendOS,

84 989 221 1042 inter
254 1006 375 1042 mea
401 987 526 1040 item
561 985 841 1041 commoda
870 987 1067 1042 tuenda
1092 989 1259 1054 licite,
1296 999 1354 1044 ut
1379 974 1560 1062 opina-

87 1084 306 1147 bantur,
380 1080 705 1135 adhibendas
785 1081 942 1137 falsas
1015 1084 1328 1138 assertiones
1357 1083 1443 1154 (Z).
1492 1115 1562 1125 ——

89 1175 368 1231 Sufficient
427 1193 550 1229 vero
605 1175 675 1229 ad
738 1177 1066 1249 propositum
1118 1185 1354 1231 nostrum
1390 1178 1563 1244 binae,

91 1289 221 1342 quas
249 1270 363 1344 jam
399 1271 946 1337 commemoravimus,
983 1270 1052 1325 de
1088 1270 1275 1342 quibus
1312 1270 1450 1324 nulla
1487 1279 1566 1326 est

93 1363 375 1429 dissensiO,
427 1364 781 1437 exemplorum
818 1364 1041 1429 classes,
1091 1363 1160 1416 de
1204 1383 1426 1435 quarum
1463 1366 1567 1418 sin-

94 1458 232 1529 gulis
284 1458 418 1511 notis
465 1457 577 1531 jam
623 1458 723 1514 erit
772 1477 837 1514 ex
874 1457 1112 1530 opusculi
1161 1460 1325 1516 nostri
1364 1459 1568 1515 ratione

96 1552 472 1608 disserendum.

758 1790 798 1883 g
866 1813 916 1866 2.

239 1950 517 2024 Duplieem
557 1949 882 2022 distinguere
917 1952 1040 2007 licet
1075 1951 1397 2020 mentientis,
1448 1973 1576 2027 qua-

102 2045 204 2100 lem
241 2044 641 2117 descripsimuS,
679 2045 866 2101 finem:
921 2046 1142 2102 alterum
1176 2047 1480 2120 propiorem
1526 2050 1578 2102 in

101 2151 328 2213 utroque
397 2138 632 2211 exemplo
708 2139 962 2208 eundem,
1017 2141 1160 2214 quod
1219 2143 1326 2197 vult
1386 2142 1578 2208 fallere,

104 2235 322 2289 alterum
383 2234 718 2288 remotiorem
735 2276 750 2302 ,
810 2254 968 2308 quem
1026 2234 1250 2290 fallendo
1316 2236 1580 2307 attingere

108 2337 355 2394 conatur,
405 2329 458 2381 in
508 2329 753 2402 exemplis
803 2328 1078 2386 diversum.
1164 2330 1252 2383 De
1299 2330 1581 2384 remotiore

109 2570 160 2627 cl)
195 2567 874 2622 Baumgarten-Cru'SIus
919 2565 1144 2611 Lehrbuch
1198 2566 1274 2609 der
1317 2562 1583 2608 christlichen

81 2637 85 2641 Α
170 2644 426 2688 Sittenlehre
473 2643 645 2697 (Leipz.
674 2641 825 2694 1826.)
858 2642 884 2692 ἓ
903 2644 973 2683 64.
1006 2657 1046 2697 p.
1072 2643 1155 2682 331.
1178 2644 1221 2682 et
1243 2641 1344 2681 332.
1379 2638 1584 2693 (Aeconi-

168 2718 419 2772 modation).
453 2739 510 2747 --
552 2714 911 2758 Pufsendorf
949 2715 1004 2757 de
1046 2715 1150 2757 Jure
1188 2717 1364 2754 naturae
1405 2717 1448 2753 et
1479 2725 1587 2766 gen-

170 2793 275 2835 tium
336 2789 554 2845 (Francos.
587 2790 641 2831 ad
671 2790 873 2831 Moenum
907 2790 1057 2842 1684.)
1107 2791 1132 2830 1.
1154 2789 1226 2830 IV.
1276 2802 1312 2828 c.
1336 2790 1372 2827 1.
1406 2788 1432 2839 5
1454 2791 1477 2827 7
1503 2798 1587 2836 cx„

172 2868 310 2909 collat,
343 2868 438 2919 58,
482 2865 553 2906 ubi
599 2863 787 2906 definitio
833 2863 1082 2919 proponitur
1125 2859 1344 2906 mendacii.
